3508 2479
1974 121 2067 179 [2]
1748 164 2321 232 But that this has been so for many Years past can never be questioned or
1730 184 2320 250 denied. For the People of New-England, and other Parts of the Continent,
1730 203 2320 268 have supplied the French Sugar-Colonies with Provisions, and Necessaries of all
1727 221 2322 288 kinds for their Plantations, and have taken from them sugars, and great
1725 241 2320 307 Quantities of Rum, which the French never made before (as interfering with
1725 262 2165 316 French Brandy) till they found a Vent for it by this Trade.
1743 299 2319 365 AND they take off likewise great Quantities of the French Molosses, which
1724 316 2317 381 was useless to them before, for the same Reason, that the distilling it would hinder
1718 335 1965 378 the Consumption of Brandy.
1740 374 2315 439 AND such French Rum and Molosses is often bought by them with Money
1718 393 2191 448 received in our Sugar-Colonies, from their Cargoes sold there.
1738 429 2315 495 THE Mischiefs from this Commerce are very many and evident, and will
1716 449 2311 515 encrease more and more every Year, if some effectual Stop be not put to it.
1731 485 2309 549 BY this means the French have encreased their Plantations, and made new
1715 505 2309 568 settlements, and chiefly supply Hamburgh, Holland, Spain, the Levant, and the
1711 524 2234 584 Medditerranean, with Sugars, which were formerly sent thither by us.
1727 563 2305 629 THE British Sugar-Colonies can't find the Market for their Sugars abroad,
1711 581 2269 643 which they did formerly, but chiefly depend upon our own Consumption.
1725 618 2304 680 MANY of the Inhabitants and Planters are so redusced, that they are removing
1705 638 2303 701 to the Northern Colonies ; which, in Case of a War with France, in
1703 656 2302 720 all Probability, will occasion the entire Loss of the Sugar Island ; there being
1703 676 2221 734 in Martinico alone upwards of Nine Thousand well-disciplin'd Men.
1720 712 2300 775 THE British Sugar Islands are constantly drained of their current Monies
1698 733 2301 794 by the Traders from the Northern Colonies, who carry it away to purchase
1699 752 2141 801 Sugar, Rum, and Molosses, from the French Plantations.
1715 790 2298 855 THAT by this Intercourse, they have an Opportunity of taking off great
1698 809 2293 873 Quantities of Foreign European Manufactures, and India Goods, in a Clandestine
1694 829 2039 874 Manner, from the French and Dutch.
1711 866 2292 930 AND what is worthy of great Consideration, is, that tho' the Northern Colonies
1691 884 2290 948 may be Gainers upon the whole by this Trade ; yet the French Sugar-
1693 905 2290 965 Colonies recieve much more Advantage thereby than the Northern Colonies
1688 924 2290 984 do, Rum and Molosses being clear Profit to the French ; and the Cattle and
1692 943 2288 1004 Lumber they receive, absolutely necessary for them, and which they could not
1689 962 2289 1023 have from any other Place. Nor do the Northern Colonies take from hence
1690 982 2286 1041 more of the British Manufactures than they formerly did ; nor bring a Profit
1688 1000 2287 1060 to Great Britian from this Trade, any way in Proportion to counterbalance the
1687 1018 2283 1079 increadible Damage Great Britain must suffer from the Mischief the Sugar-Colonies
1686 1038 2285 1099 receive by it ; The ruin of which must immediately affect Great Britain
1688 1057 1858 1096 in the highest Degree.
1700 1093 2282 1157 BESIDES the great Benefit the French Colonies receive from this Trade,
1684 1113 2282 1174 which of itself alone must soon destroy the British Sugar-Colonies, there are
1682 1130 2282 1194 other Causes which will contribute to make our Sugar-Colonies decline, and
1679 1151 2108 1205 enable the French to supply foreign Markets with Sugar.
1700 1189 2275 1252 THE French Sugar-Colonies receive the greatest Encouragement from their
1677 1207 2091 1261 Mother-Country, and their Duties are less than ours.
2185 1283 2276 1318 WHEREAS
2759 155 2848 210 [3]
2532 208 3103 243 WHEREAS the British Sugar-Colonies pay in the Plantations a Duty of Four
2512 227 3107 263 and a half per Cent, for their Sugars before they can ship them to Great Britain,
2512 246 3104 282 which is never drawn back on Exportation, no more than the Excise on Rum,
2517 266 3105 300 which disables them from supplying Ireland with it : And if their Sugars are
2513 284 3106 319 carried to the Northern Colonies they must pay the Plantation Duty of Eighteen
2513 303 3105 339 Pence per Cent for their Muscavado Sugars, and Five Shillings per Cent for
2515 322 3039 356 their white Sugar over and above the Four and a half per Cent Duty.
2533 358 3107 395 UPON the whole ; If this Trade to the Foreign Sugar Colonies be not
2512 378 3101 413 speedily and effectually prevented, the British Sugar-Colonies will be in Danger
2512 398 3106 433 of being ruined. The Consequence of which to Great Britain will be, that
2514 416 3105 451 she must lose the Export of all the British Manufactures now taken off by the
2513 434 3105 471 Sugar-Colonies, and the whole Benefit arising from the importation of their
2513 453 2575 484 Product.
2531 490 3061 528 OUR Navigation and Seamen must necessarily fall off and diminish.
2531 530 3103 568 THE African Trade, as chiefly depending on the Sugar-Colonies, must
2510 549 2558 579 decay.
2533 584 3106 625 AND our Sugar Works, and other Plantation Stocks, and Utensils, will be
2513 604 3105 644 of no Use, and thereby so much Wealth will be actually sunk and lost to this
2512 623 2568 655 Nation.
