2479 3508
1074 82 1226 117 ( 1 )
287 183 1995 283 Some Considerations Humbly Offered, against
378 255 1995 404 Granting the Sole Trade to Guiny from Cape
378 348 1991 476 Blanco to Cape Lopez, to a Company with a
368 421 1422 548 Joint Stock, exclusive of others.
436 618 1964 716 A Company with a Joint Stock Exclusive, is a Monopoly; which has always
459 672 1966 765 been esteemed a great Grievance in matters of small Moment,
278 727 1968 820 and will be much more so in a Trade of so large Extent, and such vast
276 761 1968 876 Importance to this Nation, in the Export of its Woollen, and other Manufactures;
272 831 1964 914 and to the Plantations, in furnishing them with Negroes, by whose strength and
274 863 1955 971 Labour all their Commodities which come from thence, as Sugar, Indigo, Cotton,
266 935 1953 1020 Ginger, Tobacco, &c. are produced, and whereby the Navigation and Revenue
274 969 1222 1043 of this Kingdom is so greatly Increased.
321 1033 1959 1118 And such a Company so established will have all the Mischiefs of a Monopoly.
321 1075 1955 1173 I. They will buy the Woollen, and other English Manufactures, proper for
268 1124 1953 1220 Guiny, at their own Rates, having no Competitors, and will sell all the Commodities
266 1184 1726 1266 they import from thence into England, at what Prises they please.
317 1220 1946 1324 II. In such Case they alone can carry such Negroes to the West-Indies as are fit
259 1279 1940 1381 for the English Plantations, which are only to be purchased between Cape Blanco
259 1339 1946 1428 and Cape Lopez, and so will make their own Prizes for them, and Impose what
259 1371 1940 1481 Terms they please on the Planters, as heretofore the African Company have done:
257 1441 1946 1528 and by buying Negroes dear, less of the West-India Commodities have been, and
259 1485 1932 1590 will be produced, and at greater Charge; whereby other Nations have already
255 1524 1946 1636 had an Opportunity, and have too well made use of it, to Vye with us in those
255 1583 1940 1683 Commodities; to the great Abatement of the Advantage of this Kingdom; and
257 1630 1938 1732 it may prove the Ruine of our Colonies: For if the Company have produced such
255 1683 1936 1798 Mischiefs by the Authority of a Charter only, What may be expected from them,
244 1742 1077 1806 if they should be established by a Law?
298 1785 1936 1887 III. Such a Company having no Competitors, will buy as Cheap, and sell as
244 1840 1936 1940 Dear as they please; and so will get as much by One Thousand Pounds, as would
249 1891 1930 1989 be good Profit to Private Persons trading with Three times as much; and therefore
242 1953 1930 2044 it is not their Interest to enlarge the Trade, but to get as much as they can by
244 2002 1932 2093 the small Stock they employ; whereas many Buyers would Enhance the Price of
244 2046 1936 2148 English Manufactures at home, and occasion a great Exportation of them, and
232 2104 1936 2197 lower the Price of Forreign Goods in England, and bring Negroes much cheaper to
232 2161 1538 2229 the Plantations, and thereby the Trade would greatly Increase.
227 2265 1921 2346 And though the Company now offer to content themselves to be limited from Cape Blanco
274 2316 1915 2397 to Cape Lopez, and to leave out Angola, yet that does not at all help the matter, for
270 2346 559 2420 these Reasons:
278 2454 1910 2556 1. It is humbly conceived, That all the Subjects of England have an Equal Right
223 2510 876 2567 to all parts of the Guiny Trade.
272 2565 1908 2660 2. The Extent of the Coast between Cape Blanco and Cape Lopez, is about
230 2618 1904 2709 3000 Miles, besides up the Rivers in the Inland Country; and includes the whole
225 2652 1908 2756 Trade for Gold, Teeth, Dying Wood, and for such Negroes as are fit for, and desired
217 2712 1910 2799 at the English Plantations: For although there are Negroes to be had at Angola,
217 2775 1908 2858 and such as the Spaniards like, yet the English will not buy them, unless a
223 2822 1904 2907 few for their House Service; they being a lazy sort of Negro, and very rebellious:
221 2860 1908 2964 And the safety of the Plantations depends upon having Negroes from all parts of
219 2911 1904 3009 Guiny, who no: understanding each others languages and Customs, do not, and cannot
210 2977 1904 3068 agree to Rebel, as they would do, and has by sad Experience been found, when
206 3024 1184 3109 there are too many Negroes from one Country.
1726 3094 1900 3173 3. This
