2479 3508
1069 394 1192 513 (3)
350 445 1843 642 this worder in the same manner it happen'd, as follows.
437 628 1866 787 At East-Bishford, in the Parish of Bedminster two
350 748 1866 884 miles from Bristol in the County of Summerset, on
354 831 1868 931 Munday the third of July last past, at the house of
358 929 1872 1031 one Blianor Holder Widdow, this strange Accident
363 1012 1866 1118 happen'd, being first taken notice of thus, The
356 1090 1870 1194 said widdow and four of her daughters and three
360 1188 1866 1304 neighbours being altogether, on asudden they
369 1260 1853 1387 heard a cry of a Kitling or young Cat which the woman
363 1353 1881 1455 of the house wondered at because her Cat
356 1431 1868 1546 having Kittend the week before, she or some of her
375 1527 1864 1643 people had caused all the young ones to be drowned;
375 1609 1868 1707 But this cry continuing, made them look very
378 1698 1875 1798 Diligently about the house, but could not a good
375 1790 1858 1900 while find from whence it proceeded, At last observing
369 1872 1866 1980 it came from under a Dresser Tho. Holbrook,
375 1957 1853 2080 a young lad going to look there saw a Hen sitting,
371 2034 1860 2131 and thinking the Cat might be hid behind her,
380 2139 1883 2233 Hu'sht her away, who thereupon comming forth
378 2220 1891 2347 into the Room, one of the maids that owned the
378 2305 1857 2411 Hen, looking upon her, cried out what has this fellow
378 2383 1883 2517 done? he has spoil'd my Hen, see all her Guts
375 2475 1858 2593 are comming out; for so she at first glance apprehended,
407 2553 1877 2710 but when they began to look more near
1752 2653 1892 2788 and
