2479 3508
900 259 1210 372 [17]
308 407 1766 515 greater interests are sacrificed to the
315 528 1759 620 less; and the progress of the British
312 660 1753 756 Sugar colonies will not receive fair or
308 756 1757 867 full play, nor can those colonies exert
308 875 1768 979 the great vigour of which they may be
312 988 1749 1091 made capable, whilst this system is continued.
400 1306 1755 1416 If it is necessary to the prosperity of
308 1445 1755 1555 the Sugar colonies, that they should obtain
308 1557 1766 1643 the plentiful and cheap supply of all
297 1678 1768 1757 the articles their necessities require; it is
306 1790 1768 1902 equally important to the progress of that
312 1911 1762 2004 prosperity, and to the general commerce
308 2013 1748 2123 of the kingdom, that the free and unrestrained
308 2144 1755 2235 passage be preserved for Sugar,
301 2254 1742 2364 their staple product, through the medium
306 2366 1757 2448 of the British markets, in the raw
301 2476 1753 2564 and refined state, to the continent of
301 2597 598 2699 Europe.
391 2824 1766 2934 By the act passed in the last session of
1324 2949 1753 3035 Parliament,
