2479 3508
1199 328 1310 431 [ 11 ]
521 426 1962 534 to act consistently, to return to the unpolished and
536 519 1968 624 uncomfortable state of their savage ancestors. On
530 597 1953 687 this occasion it has indeed been shrewdly suggested,
527 685 1959 785 that conscience and worldly prudence are for once
536 776 1959 877 brought to go hand in hand: so that the man who
525 869 1953 956 in reality grudges his family the expence of sugar,
530 963 1962 1044 enjoys a snug opportunity of hiding his parsimony
530 1046 1953 1133 under the specious and popular cloak of humanity.
525 1127 1957 1223 But, for my own part, I will continue to suppose,
521 1219 1950 1317 that much the greater part of our present philanthropists
525 1308 1953 1383 are actuated by purer motives. Let that,
521 1383 1953 1468 however, be as it may, as their superior feelings
525 1466 1948 1569 urge them so strongly to shake off every convenience
516 1553 1944 1654 of life, which in the slightest degree partakes
516 1631 1957 1726 of the essence of slavery, the Rights of Man most
516 1724 1953 1829 certainly leaves them at liberty to follow their own
512 1813 1944 1928 inclinations, not only in leaving off the use of Sugar,
525 1883 1941 1991 but likewise in making bonfires of their mahogany
512 1979 1950 2076 chairs and tables, and lighting them up
527 2078 1944 2186 with the cotton paraphernalia of their wives and
512 2163 1959 2258 daughters; and even in emptying their bags of
527 2251 1950 2358 gold and silver into the sea. And, in fact, until
509 2336 1950 2428 these tender-hearted Anti-saccharites have brought
509 2421 1944 2516 themselves to this enviable pitch of self-denial, they
507 2507 1948 2615 can have no right to expect credit from the world,
500 2594 1742 2707 either for their sincerity or their consistency.
1153 2855 1290 2989 C 2
1724 2882 1953 2996 SUGAR
