3508 2479
1048 108 1158 186 ( 6 )
420 186 1734 259 culture, and Husbandry bee maintained and duly kept.
451 270 1804 331 8. Item, In every County there shall be Corronors, high Sheriffs,
416 327 1802 388 high Constables, petty Constables, and Goalors, who are
420 376 1811 451 to do their respective Offices as accustomed; the high Sheriffe
423 446 1807 515 to be confirmed or nominated by the Supreme Councell out
427 505 1809 571 of three to be presented by the County Councell, and the
427 555 1807 643 high Sheriffe is required to execute the Commands, Orders,
418 622 1670 683 and Decrees of the Provinciall and County Councell.
468 674 1802 749 9. Item, In Cities and Towns Corporate Justice is to be
420 747 1534 804 done, and the Lawes executed as is accustomed.
477 806 1807 874 10. Item, In every County the high Sheriffe shall be Provost
420 855 1802 932 Marshall, and shall have power to execute a lay man not
427 926 1793 986 worth five pounds, and none other, for murder, man-slaughter,
418 977 1804 1050 burglary, theft, robbery, or other capitall offence, provided
423 1050 1799 1116 the party to be executed may have foure and twenty houres
418 1111 1797 1167 time to prepare his soule; and that the Supreme or Provinciall
416 1182 1797 1243 Councell shall and may name more Provost Marshall's,
420 1224 1793 1290 as they shall think expedient, quallified with the like authority.
474 1348 1790 1412 11. Item, It is further ordered, that no temporall Government
418 1410 1793 1468 or Jurisdiction shall be assumed, kept, or exercised
416 1466 1797 1539 in this Kingdome, or within any County or Province thereof,
418 1536 1792 1590 during these troubles, other then is before expressed, except
423 1585 1790 1652 such Jurisdiction and Government as is, or shall be approved
306 1651 1632 1717 by this Generall Assembly, or the Supreme Councell.
465 1713 1790 1767 12. Item, It is further ordered, that whosoever hath
413 1774 1790 1844 entred, since the first day of October 1641. or shall hereafter, during
406 1835 1790 1891 the continuance of the warre in this Kingdom, enter into
404 1898 1783 1966 the Lands, Tenements, or Hereditaments, at or immediately
406 1938 1790 2011 before the first day of October, either by himselfe or his under
404 1999 1788 2084 Tenants, or by receiving the Rents, Issues, or Profits thereof,
397 2083 1799 2149 shall immediately restore, upon demand, the said Possession
1736 2159 1791 2192 to
2622 125 2746 219 ( 7 )
1976 219 3364 287 to the party or parties so put out, with such reasonable dammages,
1976 286 3373 364 as the Councell Provinciall or Supreme shall think
1980 338 3376 411 fit; and if the party refuse to restore the said Possession as
1985 400 3371 484 aforesaid, upon demand of the party so put out, his heires or
1980 456 3371 540 assignes, made to the said possessor, his servants, or adherents
1983 528 3371 590 in the premises or publication of this Order within the parish
1987 590 3371 660 where such land lieth, that upon his or their deniall thereof,
1989 646 3373 728 or default therein, he, his heires and assignes shall be for ever
1976 709 3362 782 after debarred and secluded from all and every right, title,
1992 768 3368 834 interest, and demand which he or they may make or pretend
1985 832 3371 892 to all or any the said lands, tenements, or hereditaments; and
1983 888 3368 965 if after such deniall or default made, the said party, his heires
1985 952 3364 1033 or assignes shall not immediately restore the possession of the
1980 1010 3368 1085 said lands, tenements, or hereditaments so gained to the
1983 1067 3364 1153 party grieved, his heires or assignes, that he, they, and his
1976 1132 3354 1188 or their adherents in the premises, shall be declared and proceeded
1982 1203 3362 1276 with as enemies. Provided, and so it is meant, that
1983 1250 3352 1330 if any of the parties so put out be declared a Neuter or enemy
1976 1308 3343 1379 by the Supreme or Provincial Councell; then the party who
1980 1372 3354 1442 gained the possession, as aforesaid, shall give up the possession
1980 1435 3350 1499 to such Person or Persons as shall be named either by the said
1983 1491 3348 1555 Councell Provinciall, or Supreme Councell, to be disposed
1976 1555 3352 1623 of towards the maintenance of the generall Cause, upon the
1976 1614 2682 1691 paine and penalty aforesaid.
2016 1663 3350 1746 And as for the Rents and meane Profits of the said lands,
1973 1738 3352 1827 tenements, and hereditaments, and all kinde of Rents, and the
1971 1793 3345 1860 goods or chattels taken or detained from any Catholike, as
1971 1858 3350 1931 aforesaid; due satisfaction is to be made for the same to the
1971 1917 3355 1980 parties from whom the Rents, Goods, or Chattels were or
1968 1971 3352 2036 shall be detained, since these troubles begun, as the Provincial
1964 2039 3329 2107 Councell, or County Councell shall respectively order.
2018 2098 3350 2159 13. Item, It is further ordered and established for the
3159 2161 3359 2220 removeal
2669 2191 2723 2221 B
