2479 3508
1038 229 1197 375 ( 233 )
395 391 1877 503 fevers; for whilst it is notorious, that above nineteen
395 498 1881 626 out of twenty of the whites are carried off by
399 622 1884 753 them, very few negroes, not one in a hundred, die
404 734 1895 846 of that disorder, though they are at least as subject to
403 855 1886 971 feverish affections as the whites. An investigation
403 939 1884 1075 of the cause of this phenomenon, would lead too
399 1055 1881 1187 far from our present purpose, and will, therefore,
404 1165 1303 1299 be reserved for its proper place.
475 1282 1890 1400 The most nauseous drugs, unless of the emetic
403 1388 1888 1504 tribe, seldom ruffle the stomachs of negroes, or
404 1500 1895 1636 dispose them to vomit. Bark, they retain in almost
404 1631 1899 1733 any quantity, and their bowels resist the most drastic
412 1741 1895 1847 purges, without suffering much inconvenience. I
403 1845 1888 1953 have given, for the tape-worm, ten grains of calomel,
401 1955 1894 2076 and twenty-five of gamboge, to a constitution,
410 2065 1899 2194 which I had before found to be almost immoveable,
412 2171 1903 2311 without their occasioning one puke, or more than
406 2287 1890 2399 four or five motions of the belly. Blisters exercise
403 2415 1899 2516 but feeble powers of irritation; and there is reason
410 2507 1899 2635 to think that the sensibilities, both of their minds and
406 2639 1890 2743 bodies, are much less exquisite than our own; as
403 2734 1895 2865 they are able to endure, with few expressions of
410 2861 1895 2967 pain, the accidents of nature, which agonize white
419 2956 1892 3085 people. It is difficult to account for this otherwise
410 3083 1895 3191 than by supposing (which probably is the case) that
412 3181 1892 3314 animal sufferings derive a great part of their activity
