2479 3508
670 440 2110 563 A LETTER from JAMAICA, to a Friend in
821 521 1937 633 LONDON, concerning Kid-Napping.
724 586 836 659 SIR,
738 621 2105 766 YOURS found me a little Indispos'd; but yet I made the best Enquiry my
832 709 2044 781 Health and Opportunity would give me leave to Answer your Desires.
871 755 2099 830 The Relation you have sent me of the great Abuses in the Spiriting away
834 790 2105 865 of Children, makes a very sad Story; and must needs be a Lamentable
657 812 2105 917 Grief to their Parents that have lost them. You should have done well to have sent
657 873 2095 956 me the Names of those that are missing; or if you think fit to have me look any
657 921 2099 996 further into this business, pray let me receive your further Directions at your best
659 956 2101 1050 leisure. We are not without Apprehensions here in this Place for the Divisions in
659 996 1906 1079 England; I wish we may yet live to meet again in Comfort and Peace.
705 1040 2097 1131 The Paper which I send you here enclosed, is all I was able to do in so short a time;
650 1072 2094 1169 but upon the Truth of it you may depend. I do not know but you may find in
652 1127 2090 1213 this List some unhappy People that you look for ; and it would be well if you made
654 1166 2094 1261 a Publication of it in one of the comon News Papers: Mr. Janeway, or Mr. Curtis,
646 1208 2103 1305 I make no doubt will do it for you, and it may be so Notified, as that any of those
646 1270 2086 1370 good People that have lost their Children, may understand whither to repair for satisfaction.
687 1348 2094 1436 If you know no better a way, you might do well to apply your self to
646 1375 2094 1479 Mr. JOHN WILMORE in Jewen-street, who is a Planter himself, and knows
639 1434 2090 1532 all the Tricks of those Rascals. Besides that, he is a Man of Business in the City, a
641 1477 2090 1569 large Acquaintance, a True Protestant, and (if I am not mistaken) a Common-CouncilMan.
641 1528 2086 1613 He is very Industrious and Charitable beside; and if there should be occasion,
639 1565 2090 1652 he is as likely to assist you as any Man I know: tho it were to go as far as the Hope
644 1618 2090 1709 upon the Errand, to save a Poor Child from Want, and Slavery. I need say no more
637 1657 2088 1740 to you, than that if you have his Friendship, he can tell you all the ways of the Trapan:
644 1696 2073 1790 how they take up Children, Inviegle them away, and the conveieances they
643 1749 2090 1828 have for the concealing of them. These Kid-Nappers will tell you perhaps that a
633 1780 2090 1876 Child was ready to be eaten up with Vermin, and they took him in Compassion;
628 1841 2081 1919 that they could not get quit of him, or persuade him to come back it may be, tho
635 1871 2084 1978 he were ready to leap into the Sea: wherefore you must get a discreet Justice to
637 1915 1628 1979 examine the mater; so the rest I leave to your discretion.
672 1965 2075 2047 Little Will takes to his business very well; and I hope his Friends will have Comfort
635 1985 2092 2086 of him. Pray Commend me to all my good Friends and Acquaintance in your
635 2047 2114 2156 Neighbourhood, and pardon all Faults; for I must immediately take my leave of you,
632 2095 1714 2189 and Subscribe my self your Affectionate Kinsman and Servant,
1825 2136 1948 2230 T. M.
670 2193 2081 2298 If any Person Named in the following List, shall be found to have been Spirited
622 2244 2070 2364 away: Notice may be left with Mr. Walter Davis, in Amen-Corner, who will give
622 2309 1368 2403 Directions how to make a further Enquiry.
838 2373 1263 2473 The Number of Whites.
1418 2383 1917 2478 The Number of White that
1499 2454 1827 2530 Dyed in my time.
773 2451 1059 2528 1. Joseph Russel.
1388 2502 1652 2580 Thomas Hughs.
771 2511 1094 2569 2. William Burne.
1385 2557 1644 2620 Peter Peterson.
777 2546 1099 2611 3. George Shallitoe.
771 2592 1031 2653 4. Urban Rony.
1399 2602 1679 2668 John Gwartwrite.
775 2633 1107 2697 5. Andrew Reddal.
1392 2648 1646 2707 Thomas Davies.
770 2675 1114 2736 6. William Polliard.
1390 2690 1661 2758 Samuel Hodgley.
775 2720 1061 2778 7. John Brown.
1462 2738 1777 2823 Sold in my time.
773 2758 1108 2826 8. Richard Sevitor.
812 2808 1228 2891 Richard Sevitor.
1379 2786 1642 2861 Thomas Martin.
770 2850 1083 2924 9. James Durham.
1379 2845 1641 2928 Thomas Barber.
768 2909 1088 2968 10. George French.
1525 2898 1628 2966 free.
760 2950 1132 3025 11. Thomas Woodcock.
1375 2935 1644 3020 William Ward.
1374 2996 1659 3069 Richard Barret.
786 3042 1283 3137 Total of the White 11.
1456 3047 1687 3126 Lost at Law
1374 3084 1641 3182 with Fountain.
646 3128 915 3209 Jamaica, Decemb.
681 3195 884 3266 30. 1681.
