2479 3508
375 271 1802 430 The State of the Island of Jamaica.
375 271 1802 430 41
308 390 1795 504 erful Prince Charles, King of Great Britain, &c. in
308 497 1804 568 order to the restoring and regulating the same for the future;
297 540 1798 639 to send into Spain his Envoy extraordinary, Sir
316 607 1802 719 William Godolphin, Knight; with full Authority and
306 682 1804 781 Power to make any Treaty convenient and proper for that End:
303 754 1797 859 And likewise the most serene and powerful Charles, King
308 835 1793 917 of Spain, &c. and the Queen Regent Maria Anna,
306 900 1789 990 &c. for the carrying on a Work of so much Piety and publick
303 967 1798 1059 Good, deputed on their Part, the Earl of Penaranda,
308 1035 1793 1141 Counsellor of State, and President of the Indies, to
306 1124 1797 1197 confer, treat, and conclude thereupon, with the said Sir
321 1180 1804 1272 William Godolphin: At length they mutually resolved
308 1268 1793 1346 and agreed upon the Articles of the following Treaty in
303 1315 1247 1417 Virtue of their several Commissions.
1007 1508 1082 1542 I.
1224 1602 1802 1722 The Treaty of 1667. confirmed.
375 1492 1167 1638 FIRST, It is agreed between
422 1595 1177 1703 the above mentioned
304 1660 1408 1761 Plenipotentiaries Sir William
306 1742 1184 1851 Godolphin, and the Earl of
308 1798 1793 1890 Penaranda, in the Names of the most serene Kings
303 1882 1791 1966 respectively, their Masters, that the Articles of
308 1946 1793 2073 Peace and Alliance, made between the Crowns of
306 2013 1795 2121 Great Britain and Spain, in Madrid, on the 13/23 of
306 2095 1780 2189 May, 1667. or any Clause thereof, shall in no
308 2164 1763 2252 Manner be deemed, or understood to be taken away,
312 2241 1780 2319 or abrogated by this present Treaty; but that
299 2304 1774 2381 the same shall remain perpetually in their ancient
299 2374 1772 2465 force, Stability, and Vigour, so far forth as they
297 2465 1789 2521 are not contrary, or repugnant to this present
308 2519 1783 2637 Convention and Articles, or to any Thing therein
297 2583 977 2697 contained.
984 2721 1681 2816 II.
An Universal Peace, as
289 2865 1772 2971 well in America as elsewhere.
316 2807 1772 2908 That there be an universal
Peace, true and sincere
291 2953 1345 3072 Amity in America, as in the
1602 3010 1772 3115 other
