3508 2479
559 39 648 106 92
648 26 1588 105 The Voyage of Domingo Gonsales
556 112 1647 171 lars; As that in a thousand years there is found
556 160 1651 227 neither Thief nor Whore-Monger, for first there is
556 235 1641 272 no want of any thing necessary for the use of man,
560 275 1653 330 food growing every where without labour, of all
550 321 1648 395 sorts that can be desired. As for Cloths, Houses,
560 393 1653 444 or whatever else a man may be suppos'd to want,
556 434 1641 489 it is provided by their Superiors, though not without
563 499 1651 547 some labour, but yet so easy as if they did it
556 556 1651 600 for pleasure; Again their Females are all absolute
556 600 1651 651 Beauties, and by a secret disposition of nature, a
556 655 1641 704 man there having once known a Woman never desires
556 708 1656 753 any other; Murther was never heard of
556 755 1648 809 amongst them, neither is it hardly possible to be
556 817 1656 867 committed, for there can be no wound made but
565 865 1653 928 what is cureable; yea they assured me, and for my
568 928 1656 986 part I believe it, that though a mans head be cut
565 971 1656 1027 off, yet if within three Moons it be joined to the
563 1019 1660 1082 Carcass again, and the Juice of a certain Herb there
572 1081 1656 1146 growing applyed, it will be so consolidated as the
568 1130 1656 1188 wounded party shall be perfectly cured. But the
563 1185 1651 1235 chief cause of their good government is an excellent
563 1232 1663 1290 disposition in the nature of the People, so
563 1297 1665 1348 that all both Old and Young hate all manner of vice
565 1337 1663 1394 and live in such love, peace, and amity as it seems
563 1394 1660 1450 to be another Paradise; Though it is true likewise
563 1449 1669 1507 that some are of a better disposition than others,
568 1499 1656 1562 which they discern immediately at their Birth;
563 1562 1663 1606 And because it is an inviolable Law amongst them
568 1602 1656 1674 that none shall be put to death, therefore perceiving
571 1659 1663 1714 by their Stature or some other signs who are like
563 1716 1663 1763 to be of a wicked and debauched humor, they send
565 1761 1653 1826 them, I know not by what means, into the Earth,
563 1811 1653 1868 and change them for other Children, before they
563 1864 1663 1923 have either opportunity or ability to do amiss
571 1916 1656 1978 among them; but first, they say, they are fain to
568 1971 1659 2035 keep them there for some time till the Air of the
568 2027 1648 2097 Earth alters their colour like ours. Their ordinary
578 2085 1666 2137 vent for them is a certain high Hill in the North of
578 2135 1659 2194 America, whose people, I am apt to believe, are
1510 2187 1653 2259 wholly
1988 12 2618 91 to the World in the Moon.
2777 18 2866 84 93
1764 73 2874 166 wholly descended from them, both in regard of
1760 149 2862 218 their colour, and their continual use of Tobacco,
1767 198 2836 274 which the Lunars or Moon Men smoak exceedingly,
1764 252 2867 326 the place abounding much with moisture, together
1767 308 2862 383 with the pleasure they take therein, and some other
1764 354 2863 433 respects too long to rehearse: sometimes, though
1763 418 2865 485 but seldom, they mistake their aim and fall upon
1772 476 2865 547 Europe, Asia, or Africa. I remember some years
1764 538 2873 600 since I read certain stories tending to confirm
1768 585 2869 651 what is related by these Lunars, and especially one
1764 636 2867 702 Chapter of Neubrigensis. Inigo Mondejar in his description
1767 682 2866 763 of Nova Granata. Also Joseph Defia de
1767 740 2873 817 Carana in his History of Mexico if my memory fail
1767 809 2862 872 not, recount what will make my report more credible;
1764 857 2542 919 but I value not testimonies.
1817 903 2870 971 If you inquire how Justice is executed, alas what
1764 973 2874 1031 need is there of exemplary punishment where no
1771 1026 2862 1087 offences are committed; neither need they any
1770 1066 2873 1141 Lawyers, for there is no contention, the seeds whereof
1770 1124 2873 1189 when they begin to sprout are by the wisdom of
1772 1172 2874 1248 the next Superior pluckt up by the Root. And
1772 1235 2883 1302 as little want is there of Physicians, they never
1772 1280 2878 1355 surfeit themselves; the Air is always pure and temperate,
1782 1355 2826 1420 neither is there any cause of sickness,
1770 1410 2880 1463 could never hear of any that were distempered.
1778 1468 2877 1522 But the time assign'd them by nature being spent,
1777 1500 2870 1571 they dye without the least pain, or rather cease to
1770 1576 2870 1635 live, as a Candle does to give light when what nourishes
1772 1611 2876 1678 it is consumed. I was once at the departure
1772 1667 2873 1725 of one of them, and was much surprized that notwithstanding
1822 1736 2877 1786 the happy life he liv'd, and the multitude
1778 1768 2877 1841 of Friends and Children he should forsake,
1785 1847 2877 1908 yet as soon as he understood his end to approach,
1772 1891 2881 1951 he prepar'd a great Feast, and inviting all whom
1770 1955 2871 2018 "he esteem'd, exhorts them, To be marry and
1775 2002 2881 2050 "rejoyce with him, since the time was come he
1824 2052 2880 2115 "should now leave the counterfeit Pleasures of that
1829 2100 2883 2172 "world, and be made partaker of all true Joy and
1775 2154 2884 2236 "perfect happiness; I did not so much admire
2797 2202 2883 2259 his
