2479 3508
933 161 1177 268 [ 31 ]
231 328 1995 438 "the different precincts and parishes, for returns
235 414 1984 517 of all trials of slaves, with the charges, conviction,
227 493 1991 605 and punishment severally had thereon, for
231 581 1980 689 several years last past, viz. From the 1st of
326 660 1984 757 January 1784, to the 30th of September 1788:
330 746 1995 827 From these returns we are enabled to state the
240 829 1283 935 following circumstances:—
319 994 1991 1100 In the parishes and Precinct of St. Catherine,
253 1071 2000 1186 St. John, St. Dorothy, and St. Thomas in the
240 1157 2000 1276 Vale, containing 21,772 slaves, the number of
238 1241 1989 1349 capital conviction and executions were four
244 1327 1232 1428 only, in the said interval:
326 1498 1984 1599 In the parish of St. Andrew, containing 9,613
246 1575 1998 1672 slaves, we find only one execution, in the said
253 1663 656 1740 interval:
337 1817 2000 1932 In the parishes and Precinct of St. Thomas in
251 1910 1991 2004 the East, and St. David, containing 23,373 slaves,
251 1993 2004 2094 the number of capital conviction and executions
260 2075 1382 2174 were ten, in the said interval:
334 2235 2006 2350 In the parishes and Precinct of St. Mary and
253 2323 2000 2429 St. George, containing 22, 194 slaves, the
260 2405 2009 2508 number of capital convictions and executions were
255 2490 1232 2583 four, in the said interval:
341 2644 2006 2761 In the parish of St. Ann, containing 13,324
253 2752 2011 2829 slaves, the number of capital conviction and
253 2825 1780 2908 executions were two, in the said interval:
345 2979 2017 3093 In the parish of Trelawny, containing 19,318
271 3067 2017 3166 slaves, the number of capital conviction and
262 3155 1813 3241 executions were seven, in the said interval:
1815 3243 2020 3333 " In
