2479 3508
1259 300 1368 422 ( 18 )
589 409 2037 542 settled with their Wives and Families on the Island;
589 489 2028 613 much less to 1500, as there actually were, before the
597 560 1255 664 English had the Assiento?
669 604 2022 695 When the Company purchased their Negroes in Jamaica,
587 689 2026 773 great Numbers were brought to that Market,
602 769 2039 818 which indeed occasion'd a Circulation of Money for a
593 813 2037 908 little time; but since they have fallen into the Method
593 869 2037 951 of sending to Africa to purchase Slaves, they have drove
593 938 2037 1013 several private Merchants out of the Trade; and if
597 991 2026 1073 they pursue the same Measures, will, in a little time,
593 1075 2037 1142 engross it to themselves; this will be the same Thing
593 1137 2041 1188 in its Consequences, as if they obtained an exclusive
598 1180 2044 1273 Charter, which has been so much dreaded and opposed
598 1240 2037 1350 by the Merchants of Bristol, and other trading Towns
569 1304 1080 1406 as well as London.
658 1346 2032 1460 As to the Advantages, which the Island is said to receive
597 1411 2044 1530 by the Shipping which import Negroes into Jamaica
597 1488 2041 1562 for the South-Sea Company, are they any new Acquisitions,
602 1542 2046 1630 or equal to what they formerly had even in that
597 1606 2050 1693 Respect; were not Ships employ'd, before the South-Sea
602 1671 2046 1741 Company obtained the Assiento Contract, to transport
602 1735 2041 1811 Negroes for the Spanish Trade, as well as for the Use of
598 1801 2044 1868 the Island? It is evident, that not only those Ships, but
602 1862 2046 1950 their Cargoes belong'd to private Merchants in London,
602 1919 2050 2004 Bristol, and Liverpool, who employ'd Factors settled in
607 1981 2044 2064 Jamaica, and the supplying the private Traders with Negroes
598 2042 2044 2126 was very beneficial to them, as well as to the Inhabitants;
607 2122 2052 2190 and those Factors not only employ'd a great
602 2162 2041 2250 Number of People under them, but purchased the Product
606 2228 2041 2328 of the Island to load their Ships; and the Money
609 2288 2053 2366 laid out by those Means, as well as for Stores and Necessaries,
602 2353 2046 2444 circulated in the Island, and occasioned a Life and
607 2417 1151 2519 Spirit amongst them.
664 2517 2053 2610 Fourthly, THAT there had been a greater private
597 2601 2055 2704 Trade carried on from Jamaica, since the Year 1723, than
600 2659 1892 2755 in eighteen Years which he had known the Island.
658 2759 2050 2859 HERE I am at a Loss how to take that Gentleman's
593 2835 2046 2919 Meaning; if he would be understood a Trade carried
597 2906 2050 3019 on by the Merchants who reside in Jamaica, it is contrary
