2479 3508
292 634 2155 780 DIRECTIONS for the SUGAR PLUMS.
2165 361 2343 435 245
2176 412 2299 526 160
597 963 1204 1063 WORMS often keep in such
273 1009 542 1083 SUGAR
667 1030 1199 1100 ILL HEALTH, that No
567 1065 1206 1141 Body Can Tell What They Ail
572 1114 1206 1171 (Little Dreaming, it to be from
569 1158 1204 1213 WORMS) Till They See These
583 1204 1197 1255 WORMS to Come Away ALIVE,
565 1239 1195 1308 In the, Close Stool, By the Famous
585 1301 1206 1341 Purging SUGAR PLUMS,
574 1333 1211 1387 Which are INNOCENT, and
238 1352 1211 1445 SAFE, As A Little MANNA, Or RHUBARB, Or,
241 1408 1148 1475 2. Or 3. <gap/> STEWED PRUNES, with Sena.
253 1459 1197 1520 AN <gap/> there are no Worms at all., There
280 1449 1197 1567 is <gap/> Aucther SUCH a Thing this day in the
252 1530 1192 1593 world again, For a most Delicate Fine Purge, where
215 1565 1192 1644 a Fine safe Purge may be Wanted -- To Free the Body
220 1623 1206 1692 of Foul Humours, And thereby Cure its Distempers.
229 1664 1199 1727 As is Daily experienced in Famillies..... So that, A.
234 1708 1195 1759 FEW PENNY WORTHS. Only of these Plums
241 1759 1199 1808 will save a Deal of CHARGES in Physick And.
229 1799 1195 1852 PRESERVE More Lives, Then Half the Physick in
236 1829 620 1905 Town, can Recover.
282 1871 1188 1956 COMMON, Suggar Plums At the Confectioners,
234 1901 1183 1996 Are indeed BIGGER than these, But for Colour.
236 1972 1185 2042 TASTE &c. these may be eaten by CHILDREN,
232 2016 1195 2077 Like a common Sugar Plum. Or. Like any Sweet meat
178 2060 1195 2118 You can give the Child to Please it. --Or, You may
169 2109 1185 2162 Bruise and DISSOLVE them Like a Bit of LOAF
176 2137 1185 2204 SUGAR, in a Little Tea, Milk, Beer, Gruel, &c.
232 2192 1116 2246 And SO Take them, Which is a very Good Way
264 2227 1199 2292 SIGNS of WORMS, Are—A BIG BELLY, Which,
234 2285 1195 2336 These Rare Little SUGAR PLUMS. Presently,
236 2308 1206 2378 Take Down, and the Children are Soon Quite WELL
222 2359 1206 2424 Pale Looks, Hollow Eyes, Stinking Breath, Itching
225 2408 1199 2461 of the Nose, Which makes Children often Rubbing
199 2442 1204 2507 it, Unequal Sleep, with Startings, and Crying out. in
236 2486 1206 2549 Looseness, Coughing, Gripes & Pining Away. Pain
232 2542 1213 2595 and Sickness at Stomach. lnclining to Vomit. A great
245 2574 1199 2637 Appetite, and Craveing for Victuals Frequently Crying
245 2623 1208 2676 Restless and Uneasy, & No Body Can Tell With or
243 2676 1213 2746 what they All Or would have, Or what to give
245 2706 539 2794 them for Ease.
1252 792 2185 910 WHenever than a Child is out of Order, Let it
1347 866 2190 919 Immediately, and Out of Hand, EAT ONE
1229 912 2188 963 only of these PLUMS. And if but Eaten 3 Time
1227 945 2176 1014 will Save a Deal of Charges in Physick, & Recover
1232 993 2183 1070 More Children from Illnese than loads of other
1236 1030 1389 1100 Physick.
1243 1060 2155 1151 Country SHOP KEEPRS through out the whole
1276 1125 2183 1195 Kingdom, sell a Deal of these GUM OPENNING
1232 1178 2169 1236 Remedies and Plums which Proves so very Quick a
1229 1222 2183 1285 Return that they Still send to TEMPLEBAR for
1232 1273 2165 1343 More & More of them. And what is not Sold, are
1225 1306 1690 1364 Returned at any Time.
1299 1326 2215 1433 AND any Order shall be Immediately Delivered
1245 1382 2178 1472 To any Carrier, Stage Coach, Waterman, Or
1232 1454 2171 1514 Correspondents, You shall Please to Order, To Any
1234 1495 2169 1551 part of the Kingdom These Sugar Plums presently
1229 1537 2169 1593 Cure an AGUES, and intermitting Fever, the HEAD
1222 1577 2171 1634 ACH, CHOLICK, Gripes Rhumatism Thickness of
1229 1620 2176 1678 Hearing, Sickness and Pain at Stomach Dropsy, Green
1229 1660 2264 1729 Sickness, Want of appetite, COUGHS, And Short
1227 1699 2183 1780 Breath, Giving Immediate Ease and Easy Breath.
1234 1757 2229 1836 One only of these Little Plums (of a Penny) Is
1222 1801 2176 1873 Enough To Bring these Worms with Foul & Gross
1222 1845 2171 1901 Humours Away from a Child of 2 or 3 Years Old -And
1229 1889 1938 1963 Half a Plum for Younger Children.
1227 1956 2176 2019 TWO Plums Given to a Child of 4. 5. or 6. Years
1245 1984 2169 2053 old, to Bring Worms away, Thre Plums, to one
1227 2044 2174 2104 of 8. 9, or 10. Years old, for a fine safe Purge. And
1227 2077 2176 2151 Manor Woman, may take 4. 5. or 6. of them when they
1241 2127 2169 2178 want to be finely Purged, and to have Foul Humours
1241 2174 2176 2227 out of their Body. And after every working, by which
1234 2209 2174 2266 You'l see a Load of FOUL HUMOURS, As Green as
1232 2257 2176 2308 Grass, Drink a Deal of warm Broth, Water Gruel, ALE
1234 2308 2176 2357 or Tea, the More you Drink the better they will Work
1234 2338 2176 2396 If not Given Stools enough add a Plum next Time
1234 2382 2183 2449 the only harm of a Plum more for a Dose would only
1236 2426 1755 2479 be a Stool or two the More.
1273 2472 2181 2549 MISSING a Day or two Between Each, these
1236 2516 2178 2595 PLUMS Should be taken 3 Times because once only
1241 2570 2183 2632 Takeing does not Purge out of the Body all the
1259 2609 2185 2678 WORMS, and Foul Humours, And may be taken
1241 2641 1743 2729 any Weather Heat of Frost.
