3508 2479
621 62 767 155 196
912 59 1496 155 Beautifying Waters,
610 145 1698 227 all Cankers, and Cure a stinking Breath,
604 216 1653 306 and preserve the Teeth from rottenness.
681 349 1641 443 56. To procure an excellent Colour
736 412 1600 507 and Complexion in the Face, used
983 488 1419 573 by the C. of S.
696 609 1704 697 Take the juice of Hyssop, and drink it
614 697 1693 779 in a Morning Fasting, half a dozen spoonfuls
607 752 1690 842 in Ale, warm, it will procure an excellent
610 834 1709 911 Colour, is good for the eye-sight,
610 898 1703 989 destroyeth Worms, and is good for the
604 968 1387 1042 Stomack, Liver, and Lungs.
756 1087 1571 1187 57. To keep the Teeth white, and
990 1177 1292 1251 kill Worms.
688 1306 1700 1387 Take a little Salt in a Morning Fasting,
610 1370 1711 1451 and hold it under your Tongue till it be
625 1436 1713 1515 melted, and then rub your Teeth with
618 1515 697 1588 it.
816 1653 1562 1739 58. To procure Beauty, an
955 1720 1601 1811 excellent wash.
693 1843 1708 1920 Take four Ounces of Sublimate, and
619 1920 1713 2014 one Ounce of crude Mercury, and beat
622 1992 1715 2051 them together exceeding well in a wooden
622 2050 1716 2147 Mortar, and wooden Pestle; you must
1631 2122 1719 2188 do
1966 8 2554 115 Oyls, and Powders.
2731 8 2866 100 197
1787 89 2879 179 do it at least six, or eight hours, then
1794 153 2879 246 with often change of cold water, take
1790 226 2879 339 away the salts from the Sublimate, change
1801 308 2880 420 your water twice every day at least, and
1794 377 2876 454 in seven or eight days it will be dulcified,
1794 431 2883 526 and then it is prepared; lay it on with Oyl
1796 522 2226 596 of white Poppy.
1861 652 2823 745 59. A Beauty-water for the Face, by
2196 712 2526 786 Madam G.
1853 855 2883 931 Take Lye that is not too strong, and put
1805 912 2881 1011 two peels of Oranges, and as much Citron-peel,
1804 976 2876 1072 Blossoms of Camomile, Bay-
1805 1048 2870 1138 leaves, and Maiden-hair, of each a handful,
1808 1123 2888 1210 of Agrimony two or three Ounces,
1805 1186 2879 1276 of Barley-straw chopt in pieces, a handful
1813 1257 2888 1343 as much Fenugreek, a pint of Vine-
1811 1322 2877 1406 leaves, two or three handfuls of Broom-
1811 1393 2898 1476 blossoms; put all these into the Lye, and
1813 1456 2896 1563 mingle them together, and so wash the
1811 1547 2891 1604 Head therewith, put to it a little Cinamon
1811 1595 2890 1677 and Myrrh, let it stand, and wash your
1823 1671 2900 1755 face therewith every Evening: It is good
1813 1746 2896 1809 to wash the Head, and to comfort the
1816 1816 2308 1899 Brain and Memory.
2218 2005 2367 2084 K 3
2557 1988 2906 2092 60. Against
