2479 3508
1418 761 1834 835 K. Just Brit & J.
2018 735 2252 794 816. no. 10.
2109 799 2158 830 60
1319 858 1618 898 Whereas the QUEEN
1787 853 2131 886 has been pleased to direct, that a Monthly
1289 860 2113 922 Correspondence be Established between this Kingdom, and
1421 907 2111 945 Her Majesties Dominions on the Continent of AMERICA, by
1289 939 2134 971 Packet Boats, to pass to, and from Bristol and New-York, between which
1289 973 2127 1002 last Place, and the several Provinces, Colonies, and Settlements of New-
1289 996 2132 1026 England, East and West-Jersey, Pensilvania and Rhode-Island, Regular
1292 1025 2131 1052 Inland-Posts are already Settled, and others are about to be settled,
1295 1053 2128 1083 through Maryland, Virginia, North and South-Carolina, for the more
1286 1079 2143 1112 Easie and Expeditious Conveyance of all Letters and Packets, which
1322 1106 1916 1135 shall be Conveyed by means of the said Packet-Boats.
1322 1120 2139 1162 THESE are therefore to give Notice thereof; and that shortly a
1292 1160 2134 1194 pre-fix'd Time will be published, when Letters and Packets will be taken in
1289 1192 2143 1226 at the General Post-Office, and at the several Post-Offices throughout
1289 1219 2132 1246 Great-Britain, and Ireland, and a Day be appointed in each Month,
1292 1239 2131 1275 when the Mails will be dispatched from the General Post-Office for
1343 1269 2069 1306 Bristol, from whence the Packet Boats are to take their Departure.
1343 1297 2144 1335 THE Rates for the Portage of Letters and Packets, to, and from the
1292 1326 2030 1363 General Post-Office in London and New-York, being as follows.
1552 1375 2124 1426 For every Single Letter, not exceeding
1591 1414 1818 1450 one sheet of Paper,
2061 1404 2137 1437 1s 0d
1557 1460 2135 1529 For every Double Letter, not exceeding
1591 1492 1836 1530 two Sheets of Paper,
2059 1489 2136 1522 2s 0d
1558 1524 2036 1595 And in Proportion to the same Rates for
1582 1572 1878 1611 every Packet of Letters.
1564 1623 2057 1666 And for Packets of any kind of greater
1595 1658 1898 1699 weight, for every Ounce
2061 1658 2138 1690 4s 0d
1319 1701 2146 1745 THE PACKET-BOATS are to be of the Burthen of about
1301 1731 2141 1775 Eighty Tonns, built on purpose for Sailing, of Strength to resist the Seas,
1295 1765 2144 1803 well Mann’d, and Commodiously Contrived for Entertaining Passengers,
1295 1796 2138 1826 who will be kindly Received, and Entertained on Board, on Easie Terms.
1340 1841 2143 1882 THE said PACKET-BOATS are permitted to carry out upon
1339 1878 2146 1914 Freight, the Quantity of Five Tonns in Goods, and bring Home Ten
1299 1903 2149 1937 Tonns, whereby all People may send small Parcels to New York, or any
1295 1931 2146 1964 other Place from thence by Land-Carriage, and be accommodated therein
1302 1962 2143 1995 at Reasonable Rates. As they may be more Particularly Informed by
1299 1987 2152 2025 William Warren, Undertaker of the said Packet Boats, in Crown-Court,
1294 2010 1633 2050 in Gracious Street, London,
1364 2084 2084 2123 Printed by J. Sowle, in White-hart-Court in Gracious-Street.
