2479 3508
1040 353 1310 487 [389]
401 695 2027 797 LIX. Astronomical Observations made at the
507 805 2036 927 Island of Barbados; at Willoughby Fort;
511 902 2044 996 and at the Observatory on Constitution
511 991 2040 1121 Hill, both adjoining to Bridge Town. By
517 1099 2019 1221 Nevil Maskelyne, A. M. Fellow of Trinity
507 1198 1989 1302 College, Cambridge, and F. R. S.
864 1391 1594 1484 [Read December 20, 1764.]
418 1529 2044 1596 N. B. All the observations of the first satellite of Jupiter were
481 1590 2034 1677 made with a two foot reflector made by Mr. Bird, having
481 1658 2034 1727 an aperture of 3 8/10 inches in diameter, except where
483 1731 2040 1780 they are marked as made with my 18 inch reflector made
487 1774 2032 1845 by Mr. Short, having an aperture of four inches and an
478 1839 2038 1906 half in diameter. And the eclipses of the other satellites
485 1902 2040 1963 were all observed with the 18 inch telescope, except a few
478 1967 2040 2030 marked as made with Mr. Bird's two foot reflector. The latitude
487 2021 2040 2090 of Willoughby Fort is 13.° 5' N. and that of the Observatory
487 2086 2038 2155 13.° 5.' 15" N. This agrees with the latitude I observed
485 2149 2040 2220 when our ship came to anchor at our first arrival in
491 2212 2040 2315 Carlisle Bay, which, carefully calculated, and reduced to St.
491 2269 2044 2340 Michael's Church, gives 13.° 5.' 30" for its latitude. The
491 2338 2046 2405 Observatory is about 200 yards due east of the church, and
505 2401 2040 2480 Willoughby Fort is about 1600 feet distant from the same,
497 2463 2036 2530 bearing S. W. So that the Observatory is about 15" of longitude,
493 2547 2046 2599 or 1" of time to the east of Willoughby Fort. The
487 2591 2046 2654 latitudes of Willoughby Fort and the Observatory, set down
493 2656 2042 2719 above, result from altitudes of the sun taken with a bason of
485 2717 2038 2790 quick-silver by the brass Hadley's sextant made by Mr. Bird,
491 2780 2046 2845 being calculated from them, and the apparent time known
491 2843 2046 2905 from equal altitudes of the sun taken with the equal attitude
485 2897 783 2972 instrument.
1946 3080 2050 3149 At
