3508 2479
854 56 1455 130 The Gentlewomans
541 142 1746 220 yolks of two Eggs for one Mess or
549 218 1734 297 Draught, and so more or less according
543 284 1749 355 to the quantity of your Ale, beat them
543 352 1749 429 very well, and take away the skin of the
538 432 1746 499 yolks, and when the Ale boyls put them
549 500 1737 567 in, and keep them stirring continually
543 567 1749 637 and when it hath boil'd a while; sweeten it
534 650 1749 708 with sugar; and if it be to eat, cut two
538 723 1752 787 or three tosts of Whyte bread, tost them
543 778 1740 851 dry, and put them to the Candle, but if it
543 859 1225 932 be to drink put in none
935 918 1357 1003 To Stew Beef.
619 984 1755 1060 Take a good Rump of Beef cut from
532 1063 1752 1124 the bones, shred Turneps and Carrets
538 1128 1758 1197 small, with Spinnage and Lettice, put
538 1199 1761 1270 all in a Pan and let it stew four hours
543 1272 1755 1356 with so much Water, and a quart of
552 1345 1760 1412 White-wine as will cover it, some
538 1414 1757 1478 Pepper and Salt: when it is stewed
543 1482 1749 1554 then put in a wine-glass full of good
538 1556 1758 1621 Eldar Vinegar, and serve it with
541 1633 702 1716 Sippits.
741 1687 1571 1790 To Boyl a Gammon of Bacon.
642 1767 1764 1832 Water your Gammon of Bacon
538 1844 1761 1899 twenty-four hours, then put it into a
543 1899 1763 1987 deep Kettle with sweet Hay, let it boyl
549 1969 1764 2042 softly six or seven hours, and then take
555 2053 1760 2132 it up with a Scummer and a Plate, and
555 2111 1781 2193 take off the Skin whole, then stick your
1577 2185 1763 2260 Gam-
2124 53 2701 101 Cabinet Unlocked
1830 143 3013 191 Gammon full of Cloves, and strew on
1825 219 3011 262 some gross Pepper, then cut your skin
1831 292 3003 329 like sippets to garnish your Gammon:
1824 351 3014 403 and when you serve it, stick it with
1834 423 2220 458 Bay-leaves
2182 500 2640 538 To Boyl Brawn.
1924 569 3017 615 Water your Brawn twenty-four
1831 637 3021 686 hours, wash and scrape it four or five
1837 706 3019 753 times, then take it out of the water and
1835 778 3025 824 lay it on a clean table, and throw an
1836 850 3026 897 handful of salt on every Coilo., then
1839 918 3034 968 bind them up as fast as you can with
1840 993 3025 1032 hemp or Bass, and put them in your
1840 1064 3030 1106 Kettle, when the Water boyleth, and
1831 1131 3033 1174 the scum ariseth, take it away : Let it
1839 1199 3020 1244 boyl so tender that you may thrust a straw
1842 1277 3030 1316 through it, then let it cool till the next
1840 1343 2532 1379 morning, and serve it.
2113 1418 2748 1454 To make a White-pot.
1916 1485 3035 1533 Take the best and sivierest Cream;
1839 1548 3026 1605 and boyl it with good store of Sugar and
1843 1626 3024 1673 Cinnamon, a little Rose-water : then
1839 1692 3020 1739 take it from the fire and put into it clean
1834 1762 3022 1809 pickt rice, but not so much as to make
1841 1830 3031 1880 it thick, and let it steep therein till it
1837 1904 3031 1956 be cold : then put in the Yolks of six
1844 1976 3027 2025 Eggs and two whites, Currants, Nutmeg
1846 2047 3033 2094 and Salt : then put it into the Pan
1841 2121 3024 2164 or Pot, as thin as if it were a Custard,
2922 2207 3030 2241 and
