2479 3508
1000 156 1136 283 (3)
312 272 1748 367 Planters intended to have Address'd to this Parliament,
309 350 1768 443 for reducing the Book of Rates to the present Value of
298 416 510 519 Sugars.
381 530 1753 608 This low Value of the Commodity causes the Inhabitants
316 599 1759 684 of the English Colonies to forsake them, and remove
309 670 1741 746 to other places, whilst the King of France useth all Imaginable
321 762 1750 835 Industry to strengthen and fill his Plantations ;
325 828 1759 889 (some of which are in sight of ours) with Inhabitants,
312 878 1750 953 having made Dunkirk a Free Port for his own Sugars,
312 947 1757 1020 where no Customs are paid in or out; by reason of which
309 1018 1759 1091 the Markets of Flanders and Holland, &c. are furnished
325 1091 1766 1160 with French Sugars at 2 s. 6 d. per Hundred cheaper than
312 1158 1750 1240 the English can, by reason of the Acts of Trade and Navigation.
385 1338 1759 1416 This increase of the strength of the French Plantations
312 1421 1759 1499 and decrease of the English, hath made many of the Planters
316 1481 1766 1570 consider of with-drawing their Stocks, for fear if a
330 1554 1610 1655 War should happen with France all would be lost.
378 1646 1764 1766 The English Sugar Trade being apparently decaying
312 1730 1766 1833 under the present Impositions upon Sugar, can by no
318 1815 1761 1882 means bear more and subsist; and it is of great advantage
318 1880 1768 1960 to France to have our Plantations ruined by more
318 1949 1768 2024 Impositions on their Sugars: for should the French gain
321 2013 1766 2093 the Sugar Trade from the English, England would lose
325 2084 1762 2171 the Imployment of 400 Sail of Ships and 8000 Seamen,
321 2145 1768 2227 and France would gain it, which would differ the present
325 2223 1771 2298 Ballance of Seamen 16000, besides the loss of a Native
319 2283 1766 2369 Commodity, that hath brought so much Wealth to
312 2363 1768 2430 the Kingdom, and would also be the loss of the Trade of
321 2418 802 2521 Africa for Negro's.
376 2530 1759 2639 It hath been ever the Practice and Policy of Trading
316 2608 1757 2717 Nations, to set the Publick Taxes on Foreign Commodities
309 2683 1323 2784 and not those of their own growth.
368 2788 1759 2897 In the time of the Usurper Cromwell, when all things
1628 2891 1764 2968 were
