3508 2479
894 128 1045 222 [10]
363 226 1593 292 Reprobate Sense, whom neither the Mercies of God
368 265 1604 353 nor yet his Judgments can bring to Repentance,
363 335 1602 403 yet I hope this hath been an effectual Warning to
368 381 1608 451 many of us in the Countrey, who knowing the
376 435 1606 500 Terrors of the Lord, will for the future be the more
368 488 1602 557 easily perswaded to an amendment of Life. I
374 540 1604 605 question not but there are many Petty-factors at Port
370 596 1604 660 Royal, who have stated their Accounts, and
376 653 1610 716 ballanced their Books with the sole Answer of an
374 703 1604 771 Earthquake, whose Interest therefore it is to
376 760 1608 827 represent it in the most dreadful manner possible,
377 814 1598 868 that they themselves may seem the more excuseable
377 857 1617 923 to their Employers, as if the whole Island were
376 914 1610 986 destroyed thereby, which will discourage Merchants
416 968 1613 1027 from Trafficking hither, and will be a means of
376 1025 1608 1092 further suffering thereby. Yet as I have done my
376 1080 1615 1147 best to give you a true Information hitherto, so I
377 1128 1610 1188 can assure you of the Truth of what I farther
376 1186 1610 1241 assert, That by the Blessing of God having hitherto
381 1238 1610 1310 reasonable good Weather, the Planters continue
381 1291 1610 1362 employ'd in making of Goods, Cottons, and Indigo's,
376 1347 1617 1415 &c. providing them for a Market; and such who
376 1402 1615 1474 have Sugar works, which is the staple of the Island,
376 1460 1604 1524 many of them had Timber buildings, which are
383 1502 1613 1565 either little or not at all prejudiced; and others who
376 1560 1613 1624 built with Brick, or Stone, have so much time
383 1608 1622 1669 between this and Crop-time, that they can, and
381 1665 1613 1717 doubtless will fit themselves in some measure in
381 1722 1613 1782 order to it: So that I am sufficiently convinced, and
381 1774 1613 1844 therefore would persuade any other, that whosoever
383 1826 1617 1900 Trades hither for any manner of Goods for
381 1880 1610 1954 Cloathing, Houshold-stuff, Arms and Ammunition,
381 1930 1628 1996 (which are generally spoiled) all manner of
387 1985 1619 2052 Provisions, Plantation Utensils, &c. will come by
390 2037 1630 2094 so much to the better Market, by how much they
1426 2090 1639 2148 hasten
2449 139 2596 244 [11]
1885 237 3126 309 hasten to our Assistance, and need never fear the
1885 302 3125 364 freighting of their Ships homeward, there being a
1893 344 3123 414 present damp upon Trade, which I don’t know how
1889 405 3128 468 long it may continue, so that we shall have great
1891 457 3125 524 quantities of Goods ready for them, to dispatch them
1894 511 3114 572 the sooner away. God in his Displeasure remembred
1894 566 3125 625 Mercy, and therefore this Calamity happened
1893 623 3125 675 in the Day-time, to the safety of many hundred
1885 673 3128 731 Souls; for though such numbers perisht at Port
1893 729 3132 788 Royal, where they were thronged together in an
1885 783 3125 847 Istmus of Land, yet I cannot hear of fifty Persons,
1891 838 3130 888 both White and Blacks, that perished throughout
1883 888 3128 947 all the Island beside. — And though in the midst of
1891 940 3125 1014 our distress it pleas'd God to give us a signal
1893 990 3130 1051 Victory over our Enemies, the French, who happened
1894 1045 3132 1104 at that time to make the sharpest Attack upon us
1933 1099 3128 1156 since the War, having landed some say 200, some
1893 1156 3125 1208 say 80 Men at the North-side, which is but weakly
1893 1210 3123 1275 furnished with Men, where they intrench'd
1883 1262 3117 1334 themselves, but were shamefully beaten out by a vigorous
1889 1312 3123 1380 On-set in the Night, by a Party of about thirty
1893 1360 3125 1428 Men, who slew 7 or 8 outright, and the rest flying
1889 1419 3132 1484 to their Boats were 30 of them drowned, while
1894 1471 3132 1526 in the mean time our Fleet which was set out on
1885 1526 3132 1587 purpose pursuing theirs, we took one Shalop, and
1887 1572 3117 1652 made them desperately blow up their great Ship
1894 1628 3132 1693 such as were saved remaining our Prisoners, and
1893 1678 3132 1748 others fled home to give an Account of their Over
1885 1737 3132 1806 throw. What may be the effect of these sad times,
1885 1793 3128 1863 God only knows: Our first Fears were concerning
1885 1837 3134 1907 our Slaves, those Irreconcilable and yet Intestine
1885 1896 3134 1965 Enemies of ours, who are no otherwise our Subjects
1933 1946 3134 2018 than as the Whip makes them; who seeing
1893 2002 3147 2070 our strongest Houses demolisht, our Arms broken,
1885 2057 3134 2126 and hearing of the destruction of our greatest
2868 2115 3141 2179 Dependency,
2375 2105 2498 2172 C 2
