2479 3508
951 305 1162 398 (593)
459 522 2089 662 The Unhappy VOYAGE.
394 655 2144 731 Giving an Account of the Royal Anne Galley, Captain Willis Commander,
429 701 2137 760 which was split to Pieces on the Stag Rocks on the Lizzard the 10th of November, 1721. having on board the
422 738 2141 797 Lord Belhaven, who was going as Governor to Barbadoes, with several other Persons of Distinction, the whole
422 779 2144 844 Number on board being 210, out of which there were only three saved; whose Names are George Hain, William
429 801 1010 862 Godfrey, and Thomas Laurence, a Boy.
914 864 1689 921 To the Tune of, Womens Work is never done, &c.
466 1541 862 1597 OH! the sad and dismal Story
442 1571 968 1630 Brought from off the Lizzard Rocks,
407 1610 890 1667 The Royal Anne in all her Glory,
418 1643 810 1682 There receiv’d a fatal shock:
413 1656 962 1734 The Winds and Waves did both conspire,
411 1704 714 1750 For to ruin all therein:
411 1721 844 1780 Oh Belhaven! brave Belhaven!
411 1767 827 1819 Most unhappy hast thou been.
437 1804 779 1848 Governor unto Barbadoes,
418 1824 840 1878 He was sailing bold and brave',
416 1861 875 1917 Little dreaming it was his Fortune,
411 1898 770 1939 For to have a watry Grave
418 1913 929 1972 With many more brave noble Persons,
416 1959 873 2000 Which were put in Place of Trust,
420 1983 929 2026 But oh! their Sands were just expiring
418 2020 949 2072 Their Time was come and die they must.
435 2050 966 2100 Above two hundred Souls were perish'd,
418 2083 755 2122 In an Instant all were lost
418 2115 995 2153 By furious Winds and Waves were driven,
418 2150 899 2187 On the Stag Rocks they were cast;
427 2211 873 2283 When the Galley split to Pieces,
422 2261 829 2316 For to hear their pitious Moan.
442 2298 925 2357 Of all that were on board the Vessel,
427 2324 870 2379 Only three could reach the Shore,
422 2366 995 2404 Who on a Wreck by the Winds were carried,
422 2396 884 2437 Thro' the Waves and Billows, roar:
427 2422 995 2463 Then praise the Lord for his great Mercy
422 2457 877 2496 You that thus have been preserv'd
431 2487 868 2546 Adore and magnifie his Goodness,
429 2511 825 2564 Willingly your Maker serve.
442 2551 892 2605 Captain Willis was Commander,
420 2575 810 2629 At this most unhappy Time,
403 2603 823 2655 Savage to be Attorney General
433 2638 931 2690 With many more just in their Prime,
433 2675 838 2725 Where going over for to settle,
427 2707 760 2749 At Barbadoes we do hear.
398 2729 905 2781 But by the Ocean they were follow'd,
407 2755 834 2831 As they did their Courses steer.
457 2801 868 2842 What a Scene of dismal horror,
435 2820 881 2875 There was seen when this was o're,
433 2857 803 2903 Bodies floating on the Ocean.
420 2884 886 2938 By the Waves were drove on Shore,
422 2927 870 2966 And the Country People running,
422 2951 870 2999 Striving who should get the most,
418 2975 868 3027 Stripping all without Distinction,
431 3010 838 3058 Tis the Custom of the Coast.
1025 1539 1495 1589 One Gentleman was drove on Shore,
997 1578 1565 1628 'Bout whom they found a thousand Pound,
1003 1615 1491 1667 Whose Name's supposed to be Crosier,
995 1643 1473 1682 By Writings in his Pockets found:
1001 1678 1491 1721 Likewise they say the Lord Belhaven,
997 1711 1367 1752 Having on a Diamond Ring,
990 1739 1521 1789 His Shirt mark'd B. the floating Ocean,
995 1767 1384 1804 Did to Shore his Body bring.
1023 1802 1489 1850 Oh! the grief and sad Distraction,
995 1835 1462 1878 Which this Accident hath brought,
1001 1867 1460 1915 On the Wives and near Relations,
997 1891 1386 1933 Of the Persons that are lost;
990 1919 1471 1970 Some for Husbands, other Fathers,
997 1952 1404 1996 Brothers, Kinsmen, do lament,
997 1980 1512 2026 With aking Hearts, and weeping Eyes,
1005 2020 1541 2061 To think how from them they are rent.
1021 2050 1502 2100 But now observe the dismal Story,
1005 2078 1439 2122 Given by these three that's sav'd,
995 2118 1521 2157 George Hain, likewise William Godfrey,
1003 2141 1519 2189 And Thomas Laurence, a Boy 'tis said,
1003 2176 1441 2220 As to Barbadoes we were sailing,
1010 2202 1380 2248 Lord Belhaven, he did say,
1003 2231 1462 2285 Come noble Boys and jovial Sailors,
1003 2265 1317 2309 Happy may our Voyage be
1032 2296 1504 2348 But drawing near unto the Lizzard,
1010 2337 1439 2379 There the Storm began to rise,
995 2367 1395 2411 Nothing then but Desolation,
1010 2398 1371 2444 Did appear before our eyes,
995 2425 1460 2470 Such a dreadful Scene of Sorrow,
1003 2455 1380 2498 Sure before was never seen,
1012 2487 1425 2524 Oh Belhaven! brave Belhaven!
1005 2514 1402 2566 Most unhappy hast thou been.
1036 2544 1512 2594 Captain Willis cry'd brave Sailors,
1003 2557 1452 2625 Do your best, or die we must,
1010 2609 1454 2664 Lord have Mercy, now relieve us,
1010 2651 1382 2683 In thy Providence we trust.
1012 2672 1471 2709 Save us in the Time of Danger,
1012 2707 1489 2749 For Death before our Eyes appear,
1014 2736 1556 2775 And when they found all Hope were over,
1012 2770 1510 2805 In Tears they all fell down to Prayer.
1047 2801 1432 2836 Then against the fatal Rocks,
1018 2827 1462 2877 The Royal Galley split in twain,
1014 2853 1539 2901 Two hundred Souls aloud were crying,
1012 2888 1484 2934 Lord save us from the watry Main,
1010 2918 1465 2958 To see each for his Life a shifting,
1012 2947 1480 2997 As the Waves tost Mountains high,
1014 2977 1484 3025 The Galley in the Deep a sinking,
1003 2999 1552 3053 While dying Groans did pierce the Sky.
1608 1547 2020 1597 I see the Noble Lord Belhaven,
1589 1584 2000 1630 Climbing to the Top-Mast high,
1591 1600 2128 1656 With many more of Birth and Breeding,
1589 1643 2054 1680 Who likewise in the Waves did die,
1591 1682 2050 1715 At length the Galley split in Pieces,
1593 1704 2039 1739 Death put an End to all their Woe,
1591 1730 2052 1774 We three poor Souls upon a Wreck,
1589 1767 2065 1804 With Waves was tossed too and fro.
1617 1802 2126 1841 At length unto the Shore was driven,
1591 1832 2009 1872 Where the People took us in;
1591 1854 2111 1909 We prais'd the Lord for his great Mercy,
1593 1896 2030 1937 Since we thus preserv'd have been,
1589 1919 2030 1959 And sav'd us in the fatal Hour,
1597 1952 2030 1996 When the Waves did us surround,
1593 1985 1961 2024 And a many Souls did perish,
1597 2002 2063 2052 And before our Eyes were drown'd.
1628 2043 2087 2094 Oh! the dreadful Grief and Sorrow,
1597 2078 2070 2117 That their Wives and Children bear,
1604 2117 2074 2154 Wives a keeping for their Husbands,
1600 2141 2065 2178 The Children for their Father dear,
1593 2159 2091 2213 Let each tender Heart implore them,
1593 2205 2011 2239 And pity the Sorrow they are in,
1600 2224 2048 2274 And think upon the Lord Belhaven,
1600 2268 1935 2309 How unhappy he has been.
1650 2287 1976 2339 A noble Lady in the City,
1650 2320 2020 2368 Hearing of her Husband's Death,
1606 2344 2107 2396 Twould have mov'd a Heart of Pity,
1606 2394 2098 2429 To hear the Words she did express,
1604 2418 1967 2464 Crying, O my tender Jewel,
1597 2444 1967 2492 Is a watry Wave thy Tomb,
1595 2466 2102 2522 I'll search the Deep to find my Dear,
1602 2507 2063 2555 O cruel Death come seize me soon.
1630 2544 2057 2588 Thus she raves in sad Distraction,
1600 2570 2057 2614 In her Bed with Cords she's bound,
1628 2605 2046 2644 Crying Night and Day my Jewel,
1628 2625 1991 2677 He is in the Ocean drown’d:
1600 2653 2028 2709 Thus many a mournful Widow,
1604 2696 2033 2736 And Babies Fatherless are made,
1606 2725 2037 2775 Consider then the many Dangers,
1608 2755 2046 2803 Which poor Sailors thro’ do wade.
1637 2781 2098 2831 Many more that Night did perish,
1600 2799 1974 2864 In the Storm as we do hear,
1600 2838 2089 2886 As in the Downs the Fleet was riding,
1608 2881 2089 2921 Some Lord Belhaven's Fate did share;
1608 2901 2087 2949 Lord keep us from all such Disaster,
1606 2940 2009 2979 Deliver us from sudden Death,
1604 2955 2083 3016 And give us Grace that we may serve,
1600 2981 2146 3042 The mighty God while we have Breath.
