2479 3508
954 337 1215 485 ( 19 )
427 425 1705 554 some way or other be link'd to a few
428 541 1697 658 Fishing-Boats, who went out a Bobbing
435 627 1712 723 for Grigs some time before, in
427 702 1712 824 a certain Water that did not belong to
441 798 1705 899 'em, would overturn our Adversaries,
420 878 1710 994 and make Sport enough: --- But
435 940 1709 1086 there happened to be a Rub i’th Way ;
423 1049 1709 1135 for the Boats Crew, who stole these
432 1119 1712 1225 Pigs and Poultry, did belong to a Member
428 1209 1713 1301 of our Council; and the President
427 1298 1700 1406 and his Brother were said to have had
428 1388 1709 1503 Part of the Pigs, and to have made an
435 1459 1715 1582 Entertainment for the Board out of
417 1559 1710 1645 the Product of the Hen-roost; and
417 1627 1702 1738 these Boats were also gone a Fishing
428 1717 1704 1829 with the others --- This made the
415 1792 1705 1909 Project lie dormant for the present;
427 1886 1733 1982 but some little Time after, two of the
458 1959 1700 2067 Fishers returned with Pailfuls of Grigs,
428 2064 1705 2148 and other small Fry, and happened not
425 2126 1682 2246 to be the Boats concern'd in stealing
417 2218 1702 2313 the Poultry.—Now was the Time
409 2306 1697 2425 to digest the Affair; — Proper Measures
414 2393 1707 2505 were to be taken for advancing
427 2469 1705 2577 the Cause: Therefore the Council
417 2559 1705 2653 were ordered to be summoned to meet
423 2647 1704 2743 at the President's House the next Day,
417 2731 1694 2858 being February 24. at 5 in the Evening,
407 2808 1476 2956 --- who met accordingly.
976 2888 1153 3005 C 2
1437 2894 1709 3036 COPY
