3508 2479
643 73 790 166 234
1012 68 1416 175 All sorts of
634 141 1748 248 them with your knife, and season them
629 245 1729 333 with Salt, Nutmeg, Mace and Pepper,
634 290 1731 381 and having first wash'd your Pork on the
634 358 1734 448 inside with yolks of Eggs, wash the outside
629 434 1746 513 of your Veal therewith, and lay it
637 499 1751 592 within your Pork; lastly, strow on your remaining
626 578 1731 640 seasoning, and rowl it up hard,
623 623 1737 728 binding it with Tape: when it is boil'd,
626 702 1734 792 souce it in some of the same liquor, with a
629 756 1758 830 little Vinegar, beaten Pepper and Ginger;
626 829 1740 942 when you serve it up, stick your Pork with
620 885 1737 998 Bay-leaves or Rosemary and Flowers, garnishing
620 962 1726 1077 your Dish with Flowers and
612 1015 773 1108 Sage.
911 1125 1390 1246 Rams head souced.
680 1207 1737 1317 Cut the head off, with a good part of
623 1303 1723 1390 the neck adjoyning to it, and boil it with
618 1365 1731 1455 the skin on a good while; when it is
618 1435 1731 1517 throughly boiled, (which will require a
609 1517 1743 1585 considerable time) take it up and pluck off
609 1574 1709 1644 the skin, then take Broth you have boiled
603 1624 1706 1712 some fresh meat in, and boil it over again,
609 1709 1709 1779 with Vinegar, Salt, a good handful of
606 1765 1706 1856 Sweet Herbs, Ginger, Pepper, a good piece-of
606 1836 1706 1915 Horse-raddish root scraped, and a quarter
598 1898 1698 1997 of a pound of French-barley; being
595 1949 1709 2059 boiled, strain them through a bag, and
601 2030 1706 2135 souce the head in it; you may serve it
1640 2144 1705 2174 up
2028 85 2513 192 Flesh Souced.
2735 87 2885 178 235
1777 161 2896 259 up either in slices, or whole with the horns
1768 271 1870 333 on.
2025 330 2608 454 Sides of Lamb souced.
1833 431 2890 533 Bone your side of Lamb, soak it and
1777 519 2882 598 squeeze it well from the blood, wipe it dry,
1777 570 2882 663 and season the inside with beaten Nutmeg,
1779 634 2882 725 Ginger, some sweet Herbs minced
1774 730 2890 792 small, whole Coriander-seed, minced Lemon-pill
1758 767 2896 835 and Salt; lastly, some slices of
1779 849 2893 922 broad Lard over all: then rowl it up in
1779 897 2882 987 a Coller, and tye it up in a clean cloth,
1777 967 2885 1074 put it into your liquor when it boils, and
1779 1035 2896 1131 scum it very well, and then put in sliced
1782 1100 2899 1190 Ginger, sliced Nutmeg, Salt, Fennel and
1782 1182 2896 1261 Parsley roots, ; being almost boiled, put in
1782 1241 2896 1323 a quart of White wine, when it is enough
1779 1308 2893 1382 take it off, and put in slices of Lemon,
1788 1368 2890 1447 with the Pill of two whole Lemons;
1785 1435 2902 1517 boil it close covered to make the Veal
1788 1517 2104 1605 look white.
1870 1562 2899 1669 Thus you may order a breast of Veal,
1799 1636 2905 1726 or any joynt of Mutton, Kid, Fawn or
1805 1717 2033 1794 Venison.
2200 1805 2558 1889 Swan coller'd.
1867 1895 2902 1988 Bone your Swan, and part the two sides,
1799 1985 2902 2053 season it according to the foregoing directions
1805 2047 2907 2126 in the soucing of Geese, season it
2764 2098 2910 2177 with
