2479 3508
587 341 692 417 102
920 347 1961 429 The LAWS of JAMAICA.
580 516 704 550 1712
546 1135 719 1181 How long
545 723 665 754 Boat-hire
550 1161 705 1194 Wherrymen
547 1191 675 1223 are to ply.
554 1354 682 1385 Owners of
554 1383 682 1414 Wharfs to
550 1411 728 1443 keep Scales for
545 1438 711 1473 the weighing
549 1469 673 1501 of Goods.
532 2202 698 2286 Coach Hire,
538 2658 725 2752 and Cart Hire.
542 2816 732 2860 Owners of
538 2860 733 2885 Hackney
538 2885 733 2909 Coaches. &c.
538 2909 734 2936 to give upon
538 2936 735 2967 Oath an Account
538 2967 735 2993 of the
538 2993 736 3021 Number of
538 3021 736 3049 Coaches by
538 3049 736 3076 them kept, and
540 3076 735 3103 the Drivers
542 3103 718 3155 Names.
719 454 2179 511 usual Rates, to land such Goods at, or carry them from any publick Wharf, Barkadier,
559 495 2183 550 or Landing-place; and that the Persons belonging to such Wharfs, Barkadiers, or Landing-places,
723 540 2185 591 shall be, and are hereby required to permit the same : And whosoever shall
723 587 2185 637 offend contrary to the true Intent and Meaning of this Act, shall, for every such
731 622 2187 676 Offence, forfeit the Sum of Forty Shillings ; to be recovered before any Magistrate of the
725 665 1559 719 Parish or Precinct where such Offence is committed.
770 688 2185 756 V. AND be it further enacted by the Authority aforesaid, That within one Month after
723 746 2189 801 the Day of passing this Act, the Fare and Hire of a Wherry with two Oars, between
719 791 2185 844 Port Royal and Kingston, shall be four Ryalls ; and between Port Royal aforesaid and Passage
725 836 2183 887 Fort, the like Sum of four Ryalls ; and between Kingston aforesaid and Passage Fort,
725 869 2185 920 the Sum of six Ryalls; and from Port Royal or Kingston to the several Places following,
723 920 2183 961 the Hire and Fare of such Wherries with two Oars shall be as follows, viz. To St. James's
731 953 2187 1008 Fort, five shillings; to Bull Bay, ten Shillings ; to Yallows, twenty Shillings ; to Morant,
723 998 2187 1045 or Port Morant, forty Shillings ; to Old Harbour, Pig Bay, the Bogne, or Salt River, one
731 1029 2179 1101 Pound, and so in Proportion; that is to say, one Half more than the Prices respectively,
729 1074 1466 1123 as aforesaid, for Wherries with four Oars.
770 1088 2191 1164 VI. AND be it further enacted by the Authority aforesaid, That such Whereymen, as
108 1151 1568 1204 aforesaid, shall be, and are hereby obliged to ply from Break of Day to Eight o'Clock
731 1203 2183 1251 at Night, under the Penalty (if he be a white Man) that he shall forfeit ten Shillings ;
731 1238 2189 1298 and if he be a Negro, he shall suffer thirty one Lashes, to be ordered respectively by
731 1282 1618 1327 any Magistrate, before whom Complaint shall be made.
780 1312 2189 1366 VII. And be it further enacted by the Authority aforesaid, That Weights and Scales
735 1351 2185 1417 shall be kept by all Owners or Persons employed for the keeping of publick Wharfs,
744 1411 2195 1447 Barkadiers, Bays, and Landing-places in this Island, to weigh, if required, all Sugar, Indigo,
729 1446 2185 1493 Piemento, Cotton, and other Plantation Goods, which shall come to such Wharf,
737 1479 2189 1530 Bay, Barkadier, or Landing-place, and the Weight thereof respectively shall be entered
735 1524 2198 1575 into a Book at each Place to be kept for that Purpose ; and for such weighing and
729 1563 2191 1620 entring into such Books, as aforesaid, they shall be paid fifteen Pence for every Hogshead,
729 1614 2189 1653 and seven Pence Halfpeny for every Draught, be it more or less, of other Goods of all
731 1643 2189 1698 Sorts which shall be so weighed and entered, as aforesaid : And all Wharfingers and
731 1686 2187 1742 other Persons which shall receive any Benefit at any such Wharf, Barkadier, or Landing-
741 1725 2187 1776 place, shall give, or take Care that Receipts be given for all Goods which shall be delivered
731 1774 2191 1822 to them by any Person demanding the same, such Goods having been first weighed,
729 1811 2189 1859 as aforesaid: And whosoever shall offend, either by neglecting to procure such Scales
729 1852 2189 1902 and Weights, or in not weighing the Goods delivered to them, and entering the same
731 1894 2193 1945 in a Book, as aforesaid, or not giving such Receipts, as aforesaid, upon Demand; every
731 1928 2187 1984 Person so offending, shall, for every such Offence, forfeit the Sum of Twenty Pounds ;
729 1970 2191 2029 to be recovered in the Supreme Court of Judicature of this Island, wherein no Essoin,
735 2019 2191 2074 Protection, or Wager of Law shall be allowed, or Non vult ulterius prosequi be entered;
729 2050 1723 2103 any Law, Custom, or usage to the contrary notwithstanding.
780 2078 2189 2140 VIII. And be it further enacted by the Authority aforesaid, That the Owners or Proprietors
735 2138 2191 2193 of any Hackney Coach or Coaches, Chariots, and four wheel Chaises, which
731 2183 2187 2228 shall ply upon the Road for Hire, shall have one white Man for each such Hackney
735 2216 2191 2265 Coach or Coaches, Chariot, or Chaise which shall so ply for Hire; and the Hire and
729 2261 2185 2313 Fare shall be as follows, viz. For each Coach to and from Passage Fort to Spanish Town
723 2304 2185 2356 and back again, that carries four Passengers, thirty Shillings; for each Coach that carries
729 2345 2185 2391 three Passengers, five and twenty Shillings; and for two Passengers, or for one
731 2382 2189 2438 Passenger in any such Hackney Coach, Chariot, or Chaise, twenty Shillings, and no
729 2428 834 2479 more.
776 2460 2191 2514 IX. And be it further enacted by the Authority aforesaid, That the Owners of all
735 2504 2191 2557 Carts or Waines that shall carry Goods for Hire, shall be obliged to keep one white Man
729 2549 2185 2596 for the First Cart or Waine, and one white Man more for every two such Carts or Waines
737 2596 2185 2639 they shall keep besides the first, to go forwards and backwards with such Carts and Waines ;
731 2637 2187 2682 and that the Fare and Hire for such Cart and Waine shall be as follows, viz. For each
737 2672 2183 2721 Hogshead of Sugar, five Shillings ; for each Barrel of Beef, Flour, Herrings, or
735 2713 2185 2758 Mackarel, the Sum of one Shilling and three Pence, and so in Proportion for Carriage of other
737 2754 1622 2810 Goods from Spanish Town to Passage Fort, and no more.
770 2779 2189 2842 X. AND the owner of each such Hackney Coach, Chariot, or Chaise, as aforesaid,
735 2826 2185 2881 and of each Cart and Waine, or some Person for him or her, shall give in an Account
743 2879 2183 2927 upon Oath at each Session of the Number of Hackney Coaches, Chariots, Chaises, Carts,
735 2916 2191 2970 and Waines which they keep respectively, and of the Names of the white Man or Men
754 2953 2189 3009 particularly kept for each Hackney Coach, Chariot, Chaise, Cart or Carts, Waine or
748 2994 2185 3046 Waines ; which Oath the Justices at each Session are hereby impowered to administer
736 3040 2187 3089 and receive : And whosoever shall offend contrary to the Intent of this Act, either in
735 3074 2191 3126 not keeping such white Man for each such Coach or Coaches, Chariot, Chaises, Cart or
748 3124 2185 3181 Waine, or in not making such Oath, for every such Offence shall forseit the Sum of
2111 3159 2189 3216 Ten
