2479 3508
1488 288 1657 435 ( 14 )
916 393 2255 521 tional Powers, which make up our Legislature,
916 480 2241 594 or any of them upon an equality with the ASSOCIATION;
922 556 2251 656 but this would have been below so
926 634 2255 752 powerful a Body, which as it created itself, must
916 706 2253 792 therefore be more than omnipotent, and of
922 785 2253 894 course the ASSOCIATION has set itself above the
916 867 2250 962 Constitution and the established Government;
922 927 2251 1043 without so much as mentioning the Governor,
914 1024 2244 1115 Council or Assembly, in their Legislative Capacity,
916 1083 2246 1195 —and created themselves a Body, for carrying
911 1155 2250 1275 on good Government. Thus are our Constitution,
916 1247 2248 1334 Laws and Government, subjected to
919 1307 2248 1394 an illegal, Anti-constitutional ASSOCIATION,
916 1386 2241 1470 and the charming Sound of Harmony, converted
926 1466 2216 1557 into a discordant, illegal governing Power.
994 1531 2244 1615 So much for the specious Preamble and first
907 1615 2246 1722 Resolution; we now come to the second Resolution,
911 1680 1306 1791 viz.
982 1816 2241 1937 II. “ We Resolve not to propose any Bills"
912 1900 2241 2012 in either House, or take any Step, whereby"
919 1987 2250 2075 the Publick may be affected, without first"
916 2055 2248 2162 consulting the other Members of this
911 2122 2181 2255 " ASSOCIATION, and having their Approbation.
982 2236 2250 2375 By this second Resolution, the Mask of Dissimulation
909 2355 2248 2437 is quite thrown aside, and the two
911 2430 2250 2516 Houses of Council and Assembly, tho' not laid
907 2501 2244 2578 totally aside by the ASSOCIATION, are only nominally
904 2564 2246 2665 to be made use of, as Tools of Conveyance
907 2661 2246 2752 and Countenance to Bills passed at the ASSOCIATION-Board.
907 2720 2250 2824 Thus was His Majesty's
2032 2797 2246 2921 Privy-
