3508 2479
960 157 1098 244 [18]
489 246 1622 316 Complaint, no Publick Right their Claim, or Good their
490 303 1617 363 demand; in all which, the least breach of Privilege is
489 354 1615 419 usually branded with Sacrilege: And though there lyes no
487 389 1613 469 Appeal to the dispersed Body of the People, (a Decision manifestly
484 459 1615 523 impracticable in Government, and fitter indeed for
486 507 1617 571 Tribunes to move, than Nations to admit) yet (Elections
486 547 1615 636 being so popular, and Conventions frequent) the same end
487 603 1623 676 is attained with much more safety and convenience. As
486 659 1619 738 to the Executive Part of the Prince's Power, he exercises
477 710 1615 796 it by Ministers and Officers, not only sworn, but severely
484 770 1612 834 accomptable : And though both He and the Lords have their
483 830 1616 882 Negatives in passing of Bills, and it be the King only, that
483 862 1616 947 by his Royal Fiat, makes our Laws; yet no Tax being imposable
494 923 1612 994 but by the consent of the Commons, nor any Law
484 980 1610 1035 (without it) of such validity, that the Ministers of Justice
486 1027 1595 1099 will enforce it, there is a wise and sweet necessity for the King,
474 1086 1607 1140 and likewise for the Lords, to pass all such Bills as are convenient
477 1132 1605 1195 for the People, and not greatly hurtful to the Prince.
479 1177 1606 1243 And those that duly weigh the Reason of things, do find a
482 1234 1609 1307 Negative in the King to be a most safe preservative of Peace
483 1283 1603 1341 to the People, who have as much comfort under the protection
470 1340 1605 1404 of his Prerogative, as they have Benefit by their
474 1392 1609 1450 own Privileges ; For in truth, this Bug-bear Negative (as
472 1425 1602 1498 our Republicans labour to represent it) is an impenetrable
477 1483 1596 1572 Target, to shelter and secure the Government from being
472 1547 1606 1605 alter'd at the Will of the Commons, if at any time they
474 1585 1603 1658 should again prove factious. This (being in reason manifest)
474 1640 1605 1718 has also been confirm'd by great Experience; our
470 1700 1599 1763 Kings having rarely obstructed any Bill which they might
466 1753 1596 1811 safely grant; but on the other side, pass'd many High Acts
465 1809 1600 1867 of meer Grace; circumscribing their Prerogative, and
479 1852 1590 1930 clipping its Wings; nay better had it been for us, if they
466 1891 1103 1963 had not pierc'd,its very Bowels.
518 1946 1592 2027 This is that triple-Cord that could never yet be broken,
466 2010 1592 2073 though it has been Cut asunder; This is our Gold seventimes
466 2065 1592 2123 Refin'd; for every Bill, being thrice Read, Debated, and
1428 2123 1593 2187 Agreed
2395 86 2501 197 [19]
1852 198 2984 266 Agreed in Either House, is at last brought to the King for
1852 258 2980 314 his Royal Assent; (which is the Mint of our Laws:) a
1852 324 2976 364 Tryal so exact, that surely no Dross can escape it; since
1855 358 2974 416 all Interests must thereto concur; as truly it is but fit they
1852 411 2977 467 should, in the Establishment of That which must Bind all.
1858 467 2977 523 This is that Temperament, which purges our Humors, and
1864 514 2977 571 (at once) endues us with Health, Vigour, and Beauty: No
1858 571 2980 623 Vote is here precipitated; no Act huddled up; as by sad
1852 636 2970 671 Events, you saw they formerly us'd to be, when the Power
1858 673 2980 725 was engrossed by a pretended House of Commons, purg’d
1850 719 2977 770 and moulded to the Interests of a Faction; a Consequence
1850 770 2974 834 but Natural to such Premises! Nothing was (there) weigh'd,
1847 820 2978 882 but as in a Ballance consisting of one Scale; our Laws
1861 874 2978 935 were Mandrakes of a Night's Growth; and our Times as
1852 923 2623 987 Fickle as the Weather of the Multitude.
1912 972 2977 1035 The King has the Power of making War, but then he
1847 1025 2978 1083 cannot well be said to have the Means; so that it does not
1843 1091 2970 1129 amount to extraordinary much more, than a Liberty to
1850 1129 2967 1195 Fly if he can get Wings. He has a Sword also; but Himself
1840 1178 2974 1235 alone very rarely draws it: And though he has the sole
1850 1241 2974 1292 right in the Militia, yet is he pleased to wear it only as
1840 1297 2967 1338 a decent Weapon; Vouchsafing to the Nation, in a large
1847 1330 2964 1394 Degree, the Use and Benefit of it. He chuses his Ministers;
1852 1388 2974 1452 (as who doth not his Servants?) but then they pass through
1850 1450 2968 1498 such a Test, as none but the soundest Integrity can abide. He
1855 1491 2966 1548 can hinder the stroke of Justice with his Pardon, (tho' still,
1852 1552 2974 1600 the Jaws not being muzzled, it will Bite terribly) but then
1851 1595 2974 1651 (on the Other side) the means of Relieving his Wants rests
1847 1650 2974 1705 in the Commons, to Ballance his Will, and induce him to
1843 1698 2548 1770 a Correspondence with Parliaments.
1906 1750 2970 1804 That his Person should be Sacred, is most Needful, to
1840 1810 2974 1852 avoid Circulation of Accounts; Reasonable, since it carries
1855 1851 2970 1906 with it the Consent of Nations; Just, that he become not
1847 1906 2976 1957 the meer Butt of Faction, and Malice, and be in a worse
1855 1953 2974 2011 Condition than the Basest of Vassals; Honourable, that the
1852 2018 2978 2068 Nakedness of Government be not daily Uncover'd; Wise,
2926 2074 2974 2106 in
2381 2058 2493 2116 C 2
