2479 3508
1219 478 1455 610 ( 34 )
771 603 1901 747 termine all indictments whatsoever taken
780 716 1888 850 before the same Justices, of us, our heirs
1774 852 1894 965 and
789 961 1891 1105 by the Common Council. A Recorder * to be
778 1081 1884 1167 chosen, a Barrister of five years standing, to be approved
789 1169 1898 1260 under the royal hand. That there be twelve
780 1260 1898 1342 Aldermen, the Recorder the senior Alderman. That
792 1325 1901 1437 they be resident in the city, and no one elected for
789 1414 1895 1510 Mayor, Sheriff, or Alderman, that shall voluntarily
785 1490 1904 1566 absent himself when to be sworn, and a fine, not
792 1559 1909 1644 exceeding five hundred pounds, be imposed on those
787 1643 1894 1743 refusing to be chosen, unless they swear that they are
795 1725 1898 1812 not worth two thousand pounds. The Mayor and
789 1808 1902 1891 Aldermen to be Justices of the Peace, and to punish
799 1883 1905 1986 offenders at the Sessions four times a year. That
783 1960 1916 2077 a Town Clerk † be chosen by them, a Barrister of
1782 2055 1904 2132 three
851 2187 1909 2299 * In all probability, William de Colford was the
792 2275 1909 2374 first Recorder of Bristol, as early as the eighteenth
795 2358 1315 2475 of Edward the Third.
830 2464 1912 2563 † This office is very ancient here. By an order of
792 2552 1905 2666 the third and fourth of Philip and Mary, residence
789 2640 1916 2717 is enjoined him, that he may always assist
795 2714 1912 2827 the Mayor, &c. with his advice, draw up orders,
799 2793 1018 2924 &c.
