2479 3508
1002 434 1152 536 [7]
474 519 1748 622 and other Steers and Mules, and Plantation Utensils, in the said
477 614 1752 678 Island of Jamaica, whereof or wherein, or to which the herein
474 665 1752 721 before named Henry Nedham, late Uncle of the said William
474 712 1744 769 Nedham, was seised, possessed, interested, or entitled in Possession,
474 763 1754 826 Reversion, Remainder, or Expectancy, either in Law or
477 822 1748 879 Equity, at the Time of his Decease, with the Issues and Increase
471 871 1743 930 of the Female Slaves, with their and every of their Appurtenances,
477 924 1752 985 and the Reversion and Reversions, Remainder and Remainders,
467 969 1743 1046 Rents, Issues, and Profits of the said several Plantations
467 1030 1748 1084 or Sugar-works, Lands, Tenements, Hereditaments, and
467 1071 1743 1137 Premises, and all the Estate, Right, Title, and Interest, Property,
471 1139 1748 1198 Claim, and Demand whatsoever of him the said William
471 1177 1757 1243 Nedham of, in, and to the said Premises, shall from and after
471 1234 1748 1291 the Twenty-fourth Day of June One thousand Seven hundred
467 1287 1751 1346 and Sixty-eight, be settled upon and vested in, and the same are
467 1341 1751 1393 hereby from thence-forth settled upon and vested in, John Pitt of
467 1389 1744 1439 Encombe, in the County of Dorset, Esquire, and Thomas
463 1434 1748 1495 Cholmondeley of Vale Royal, in the County of Chester, Esquire, their
471 1492 1754 1552 Heirs and Assigns; to the Use of them the said John Pitt and
461 1548 1751 1600 Thomas Cholmondeley, their Heirs and Assigns for ever, freed
463 1593 1748 1651 and discharged, and absolutely acquired, exempted, and exonerated
466 1643 1743 1712 of, from, and against all and every the Uses, Estates,
463 1699 1751 1757 Remainders, Limitations, Trusts, annual payments, Powers,
463 1744 1746 1809 Provisoes, Covenants, and Agreements in and by the said
471 1793 1748 1857 Wills of the said Henry and Robert Nedham, recited Indenture
466 1844 1743 1911 of Release of the Twenty-fourth Day of December
467 1902 1743 1976 One thousand Seven hundred and Sixty-two, Act of Parliament,
467 1953 1748 2011 Bargain and Sale and Release of the Thirteenth Day of June
467 2000 1743 2072 One thousand Seven hundred and Sixty-five, or any of them,
463 2059 1743 2120 contained, limited, created, provided, and declared of and concerning
471 2109 1748 2162 the same (the said Annuity of Six hundred Pounds, so
471 2160 1743 2225 given and devised to the said Elizabeth Thomas as aforesaid, only
471 2205 1743 2274 excepted) upon Trust nevertheless, and to the Intent and Purpose,
471 2262 1743 2329 that they the said John Pitt and Thomas Cholmondeley, and the
463 2315 1740 2374 survivor of them, and the Heirs of such Survivor, shall and do, and
463 2368 1738 2424 they are hereby authorized and impowered, by and with the Consent
463 2419 1743 2482 and Approbation of the said William Nedham (if he shall be
463 2480 1741 2536 living) such Consent and Approbation to be testified by Writing
466 2527 1743 2586 under the Hand and Seal of the said William Nedham; and
463 2573 1740 2631 if he shall be dead, at the Discretion and by the proper Authority
456 2625 1743 2678 of them the said John Pitt and Thomas Cholmondeley, or of the
459 2679 1743 2734 Survivor of them, or of the Heirs of such Survivor, to grant, bargain,
466 2735 1736 2817 sell, release, convey, and assure the Inheritance in Fee-
1600 2777 1744 2864 simple.
