2479 3508
897 155 1095 283 ( 21 )
438 339 1763 442 One of the first Pranks he play'd was in this
364 434 1759 525 Manner: He had hurried the President into
366 505 1750 595 holding a Council of War on the 8th of November
364 590 1749 685 1739, before the Governor’s Arrival,
355 664 1757 768 and even before the Declaration of War
364 747 1757 832 had reach'd us. On this Occasion, he, who
360 823 1745 903 took all upon himself, mov’d the President,
357 908 1759 1000 that he would give the necessary Orders to
360 989 1763 1069 have the Intrenchments repair'd and put
355 1060 1768 1160 into the best Order. The Expediency of
362 1150 1757 1251 the Thing was not to be questioned, had
357 1222 1750 1314 it been seasonable. But after the Declaration
355 1307 1754 1381 of War with Spain was published, and
355 1381 1754 1473 repeated Advices had rais'd strong Apprehensions
355 1455 1742 1563 of a War with France, Mr. B—g
355 1560 1759 1625 express'd his Intentions of having immediate
364 1618 1757 1703 Care taken of the Entrenchments. This
348 1697 1742 1786 Measure, however reasonable or indeed necessary
355 1789 1754 1865 it had been deemed a few Months
351 1856 1766 1952 before, when it was not certain there
355 1950 1763 2042 would be any War at all, was now, when a
355 2008 1757 2100 War actually subsisted, call'd a Piece of great
348 2093 1754 2183 Oppression and Tyranny, design'd to harrass
343 2171 1745 2278 the poor People, because the naughty Governor
351 2250 1745 2346 had been disobliged. The Speaker
348 2333 1750 2436 gets his Assembly-men together, and dictates
339 2411 1729 2528 to them a message to be sent to the Governor,
339 2487 1759 2570 (not as an Act of their Body, but as
344 2577 1738 2683 their private Opinion) that his Orders for
330 2646 1733 2741 repairing the Entrenchments, tho' lawful,
336 2727 1747 2824 would not be obey'd; which insolent Message
1616 2822 1750 2932 was
