2479 3508
712 258 1445 402 Female Policy detected.
1782 218 1909 373 67
345 357 1913 472 Hell: For if they kiss in the Morning, being
351 472 1917 559 friends, yet e're Noon they are ready to throw
345 537 1931 664 the House out at Window. The Papists affirm,
353 624 1917 716 That Heaven is won by Purgatory; but in my
351 718 1927 833 Mind, a Man shall never come into a worse
357 795 1931 888 Purgatory, than to be matched with a froward
365 870 1923 995 Widow. He that matcheth himself to a Widow
359 956 1935 1059 and three Children, matcheth himself to
357 1055 1941 1146 four Thieves. One having Married with a
371 1132 1935 1221 Widow, it was his Luck to busy her, but not
365 1223 1923 1314 before he was sore vexed with her; for afterwards
371 1314 1935 1416 he lying on his Death-Bed, his Friends
375 1378 1933 1499 exhorted him to pray unto God, that his Soul
369 1469 1939 1580 might rest in Heaven; and he asked them this
375 1566 1935 1655 Question, Whither (saith he) do you think my
371 1642 1951 1756 Wife is gone? And they said unto him, No
369 1735 1953 1834 doubt, but that your Wife is gone to Heaven before
375 1812 1951 1917 you: He replied, I care not whither I go, so I go
365 1875 1949 2008 not where my Wife is, for fear I meet with her, and
369 1971 1697 2072 be vexed with her as I have been heretofore.
452 2012 1947 2153 Another having Married with a Widow,
375 2113 1945 2266 being one Day at a Sermon, heard the Preacher
371 2222 1955 2337 say, Whosoever will be saved, let him take up
371 2298 1947 2423 his Cross, and follow me: This Mad Fellow, after
375 2389 1959 2500 Sermon was ended, took his Wife upon his
389 2476 1963 2601 Back, and came to the Preacher, and said, Here
377 2563 1973 2692 is my Cross, I am ready to follow thee whither thou
375 2651 535 2793 wilt.
476 2680 1955 2833 Another having Married with a Widow,
383 2809 1971 2908 which shewed her self like a Saint Abroad, but
383 2906 1967 2998 a Devil at Home; a Friend of her Husband's
395 2978 1961 3103 told him, that he had gotten him a good, still,
383 3073 1969 3202 and quiet Wife; Yea marry, quoth the Married
1760 3152 1975 3255 Man,
