2479 3508
1674 469 1898 532 No 2128.
659 436 1319 505 Know all men by these Presents, That we
982 621 1935 684 are holden and firmly bounden unto Captain Abraham Roberts of London,
662 674 1932 731 Marriner; Commander of the good Ship Resolution now bound for the East-Indies, in the sum
970 707 1927 753 of hundred pounds of good and lawful Money of England, to be paid unto the
662 734 1934 809 said Captain Abraham Roberts his Executors, Administrators, or Assigns, to the which payment
664 782 1932 830 well and truly to be made, we bind us, and either of us by himself, in the whole, and for the whole,
664 818 1930 862 our and either of our Heirs, Executors and Administrators, firmly by these Presents. Sealed with
664 854 958 909 our Seals. Dated the
1362 862 1442 913 day of
1756 851 1943 902 in the Year of
668 895 1299 944 our Lord God, One thousand six hundred ninety
611 953 1935 1022 WHereas the above mentioned Captain Abraham Roberts hath entertained the above-bounden
1277 994 1542 1044 to go and serve as a
731 1023 1932 1073 out and home in the said Ship in the now intended Voyage to the East-Indies, according
570 1071 1939 1119 to an Agreement of Charter-Party, between the Governour and Company of Merchants of London
578 1095 1939 1160 Trading to East-India, of the one Part, and the Owners and Commander of the said Ship on the other
573 1131 1792 1203 part, and from thence to return back again into the Port of London, at and for the Salary of
1172 1164 1942 1246 by the Month, accounting the twelfth part of a whole year
570 1213 1266 1266 to the Month: Of which Sallary or Wages the said hath
573 1248 1232 1299 already received Imprest before-hand, the sum of and
575 1290 816 1340 the rest he the said
1362 1275 1947 1323 his Executors, or Administrators, is to have
575 1307 1939 1362 and receive at such time as the said Ship doth come out of the East-Indies, and be discharged of her Goods
578 1343 1941 1403 and Merchandizes within the Port of London, into the East-India Companies Warehouses, and the whole
575 1388 1946 1437 Freight received for the same and not before, any Rule or Custom to the contrary notwithstanding.
577 1419 1530 1479 Now therefore the Condition of this Obligation is such, That if the said
868 1441 1946 1508 shall and do at all times, from henceforth, and from time to time, during the said
578 1484 1951 1533 Voyage, duely and honestly, to the best of his power and skill, perform his Service and Duty in the said
585 1523 1947 1586 Ship, according to his said place and Office, or such other Place or Office as he is or shall be assigned to
585 1556 1947 1617 in the said Ship, and do not absent himself from the said Service in his said Imployment, as he is or shall
582 1591 1951 1653 be assigned unto, until his Voyage shall be ended; Namely, that the Merchandize of the Governour
585 1626 1947 1689 and Company aforesaid, shall be discharged in the said Port of London, out of the said Ship into the said
582 1674 1270 1732 Companies Warehouses. And further, if the said
585 1698 1951 1759 during his Imployment aforesaid, honestly, civilly and courteously behave and demean himself towards
585 1730 1951 1793 the said Commander, and to those impowered by him, and likewise from time to time, give and render
587 1771 1951 1821 to the Commander of the said Ship, or those intrusted by him, a just and true Account of all such Goods,
597 1809 1958 1865 Moneys, Stores and Provisions as are or shall be committed into his Charge and Custody, and shall during
594 1836 1959 1905 his said Imployment, observe all such Rules as the said Commander and his Owners are obliged to in
594 1876 1956 1930 their Charter-party aforesaid, Viz. shall not during his said Imployment, by himself, or any other for
594 1906 1951 1975 his use, or for the use of himself or any other, but the Company onely, bring, transport, carry or load,
597 1941 1956 2011 or cause to be brought, transported, carried, or laden upon, or in the said Ship, either Outward bound
599 1985 1963 2043 to the Indies, or in the Indies, or Homewards, any Treasure, Goods or Merchandize, of the Quality
602 2012 1966 2081 here-under-mentioned, any Gold or Silver in Coin or Bullion, Brass, Copper, or Iron Ordnance, Muskets,
599 2057 1961 2117 or small Fire-Arms, Iron-Shot, Gun-Powder, or Granado-shells, ; any sorts of Iron wrought or unwrought,
602 2083 1963 2153 or in Bars, or otherwise; any Woollen Cloth, Cloth-Rashes, woollen or worsted Stuffs, Bays, Lead wrought
599 2120 1968 2180 or unwrought, white or red Lead, Quick-silver, Vermilion, coral, Amber, coral Beads, large branch'd
602 2160 1965 2230 polish'd coral, Chrystal and Flint-Glasses; Cochenele, Elephants Teeth, Brimstone, Allum, Copper, Pewter,
611 2189 1963 2261 Tyn wrought or unwrought. And Homewards, or in the East-Indies, any sorts of Goods or Merchandizes
599 2237 1973 2283 made of Cotton or Silk, or mixt with Cotton or Silk, of what denomination soever; or any Indico,
602 2267 1968 2327 Cloves, Cinnamon, Cardamons, Cotton-yarn, Benjamin, Nutmegs, Salt-petre, Pepper black or white, Long
606 2305 1968 2372 Pepper, Cassia Lignum, or Cinnamon de Matt, Tramboon Cinnamon, Mace, Lacks of any sort, Cowries,
606 2339 1971 2394 Green-Ginger, Turmerick, Coloured Ginghams, or Raw Silk of Bengal, or any sort of Raw Silk, Aloes
614 2365 1978 2444 Succatrina, Camphire, Myrrhe, Tincal, Red-wooll, or Carmania Wooll, Coho-seeds, China Roots, Musk in
611 2401 1975 2474 Cod or out of Cod, Diamona, Diamond Boart or Sinal, any sorts of Skins, Leather, or Hides, drest or
611 2437 1971 2502 undrest, Sugar of any sort, Sandal or Sappan wood, Red Earth, Tutenage, Bettellees, or any of them
611 2474 1983 2543 but such as shall be laden for Account of the Governour and Company, and also observe and keep all
614 2514 1615 2579 such other Rules as in the said Charter-party are Expressed. And if the said
1052 2543 1980 2593 shall in every thing be Obedient to the said Commander, and do nothing
623 2587 1983 2649 to the Prejudice of Dammage of the said Owners and Commander, Then this Obligation to be
623 2618 1978 2683 void and of none Effect, or else to stand and remain in full Force and Vertue. And if it shall appear
623 2678 799 2724 that the said
1388 2656 1989 2704 hath entered himself, or that he is already or
623 2690 1987 2753 should be prest into their Majesties Service, it shall in no wise hinder the Captain aforesaid, from recovering
623 2724 1675 2812 the Dammages he sustained by the Non performance of this Obligation.
659 2806 941 2868 Sealed and Delivered
698 2851 938 2907 in the presence of
