3508 2479
1025 191 1161 224 ( 2 )
644 209 1580 259 That the India Trade was encreased, before the War, to a very great
621 249 1565 304 height, and their Manufactures in so great request, that they (from being
623 283 1573 338 a Scandal to be worn a few years before) soon after became the general
623 322 1573 364 Wear of almost all sorts and degrees of Persons; by which means our own
626 356 1576 409 Manufactures were neglected, and our Manufacturers thereby under great discouragement,
623 390 1575 441 being not able to carry on their Trades, many were forced
617 426 1583 475 to give over, whereby the Poor wanted Employment, the Price of Wool
621 468 1577 504 reduced very low, and great quantities of Wool could not be Manufactured:
621 496 1565 541 Whereupon the Parliament thought it necessary to make a Law for Burying
626 539 1581 584 in Woollen, thereby to consume some of the Wool that lay heavy upon the
632 581 821 618 Growers Hand.
666 588 1586 650 That the Indians have Provisions and Materials very cheap, and Wages
623 635 1582 679 at three Half-pence or two pence a Day; which disables us, and the rest of
622 667 1580 712 the European Traders, to contend with them; and for this reason, their
629 705 1578 752 Trade did encrease apace, until this War; and unless restraint, will most
617 739 1580 782 certainly encrease, to the ruining of our best Fabricks, and the vast number
629 781 1505 824 of People that have their Livelihood and Dependance thereupon.
660 809 1580 854 That since this War, the India Company have laboured under some
623 853 1586 891 Discouragements, and but small quantities of their Manufactured Goods, in
623 880 1580 926 proportion to what they formerly brought in, have been Imported; by
615 923 1581 961 reason thereof, great Encouragement hath been given to the Manufactures
632 953 1586 996 of Silk, Half Silk, and Worsted, which have been very much improved
626 988 1580 1028 in a great variety of Figured, Strip'd, and other sort of Stuffs, which
632 1029 1582 1067 have been made not only in London, Norwich and Canterbury, in much greater
629 1058 1583 1102 quantities than ever; but this Manufacture has now spread it self to Bristol,
626 1091 1584 1137 Newbury, and divers other Parts of the Kingdom; and will yet encrease, if
623 1131 1091 1183 due Encouragement be given thereto
646 1155 1580 1210 That since our Trade hath encreased, greater numbers of Poor have been
611 1203 1580 1239 employed, and greater quantities of English Wool consumed; so that the
611 1239 1580 1275 Price of the Wool is advanced, and the Labour and Wages of the Poor
617 1267 1580 1306 encreased; which enabled them to live comfortably, and consume the
629 1304 1582 1346 Product of the Land, to support themselves and families; which is of
623 1336 1580 1378 great Advantage to the Landlords and Tenants, and the Benefit of the
629 1378 830 1419 whole Nation.
662 1402 1582 1454 That in case the East-India Stock should be enlarged, and that Trade
626 1436 1580 1482 settled by Act of Parliament, it will be in the power of that Company to
623 1476 1580 1514 ruine our Woollen and Silk Manufactures, and bring down the Price of
611 1515 1580 1550 Wool, and Work-mens Labour and Wages, as low, if not lower, than ever,
626 1545 1580 1594 unless the Wearing of the said Manufactured Goods be prohibited in England,
623 1584 878 1627 and the Plantations.
644 1627 1580 1658 That such Prohibition would not only encourage our own Manufactures,
623 1652 1576 1695 upon which the Value of Lands, and the Employment of our Poor depends,
623 1686 1580 1722 but prevents the Exportation of much of our Coin, which at this time can
623 1720 1573 1763 be very ill spared; and also prevent many of the Inconveniences feared
617 1753 1084 1802 from the Scotch East-India Company.
654 1785 1580 1826 That since there is a Trade found out to the Indies, no Objection can
626 1825 1573 1866 well be made against their Trade in Spices, Drugs, Salt-petre, &c. nor
617 1869 1583 1898 against the Manufactured Goods that are brought in, and again exported to
623 1893 1576 1933 Foreign Markets, because it will be carry'd on by others, if we should neglect
621 1932 1576 1968 it: But certainly it must be accounted very ill Husbandry, and will
617 1963 1573 2002 be of fatal and ruinous consequence, to despise our own Manufactures, and
611 2000 1582 2042 send our Gold and Silver to the Indies, from whence it will never return,
1549 2042 1581 2072 to
2362 169 2474 202 ( 3 )
1940 194 2888 233 to purchase Manufactur'd Goods to be consumed at Home, when our
1938 227 2888 272 Money may be kept here to circulate among our selves; and is so necessary
1932 270 2894 306 to our Commerce, and payments of our Fleets and Armies, without
1940 300 2428 339 which, we can neither be rich or safe.
1977 322 2897 371 That the great Argument that is used in favour of the East-India Company,
1940 371 2884 414 is, That although they Export great Quantities of Bullion, yet they
1926 413 2888 442 bring in much more for the Goods they sell in Foreign Markets. Supposing
1932 442 2894 475 their Assertion to be true, this can be no Argument against the
1932 481 2895 513 prohibiting their Manufactures to be worn in England, and our Plantations,
1932 509 2890 552 but rather an Argument for it; for what is consumed at Home,
1938 546 2882 587 brings in no Bullion; and if none be consumed at Home, more may
1934 578 2894 618 be sent Abroad: for it will make the Company more industrious to find
1932 614 2888 657 out either New Commodities to deal in, or Markets for the vending
1934 642 2894 683 thereof, whereby they may make their Trade more Profitable to the
1932 683 2040 723 Nation.
1977 706 2894 755 It is also alledged, in favour of the East-India Trade, That there have
1932 747 2888 798 of late years been great Quantities of English Cloth Exported by the Company.
1920 787 2894 826 To which this Answer is to be given, That the Cloth by them Exported
1926 823 2897 859 more than formerly, is not consumed in India, but sent thence to Persia;
1938 855 2894 899 which hinders the Turkey Merchants, who formerly used to supply those
1938 891 2882 931 Markets. So that the East-India Company sending away our Cloth,
1943 931 2895 972 proves no Advantage to us, and is only done to gain a good Opinion, and
1932 971 2892 1011 make the Nation believe that their Trade is not so prejudicial to us as has
1934 1004 2439 1042 been represented, or as in reality it is.
1979 1025 2897 1074 That the sending our Money to the East-Indies, to purchase Goods
1946 1068 2884 1112 perfectly Manufactured there, may Advance Lands, Enrich the People
1938 1103 2903 1147 Employ the Poor in India: But such as are spent here, in the room of
1938 1142 2824 1172 our own Manufactures, must have the quite contrary effect with us.
1983 1172 2894 1209 Whether it be for the Interest of England, to Settle the East-India
1943 1205 2903 1249 Trade, without Restrictions, is humbly submitted to the Consideration of
1946 1245 2153 1283 the Parliament.
