3508 2479
1106 115 1206 145 ( 2 )
653 170 1642 215 our own People in England, and pay Three times the Price for it; they
646 202 1645 242 make the return of all their Industry and Labour to us; this is the
650 251 1648 286 Center of their Wealth, the Place where they lay it up, and where
653 282 1641 329 their posterity spend it; therefore to Burthen them, is to Ruin the
655 313 1545 369 most Profitable and most Industrious part of our own Body.
687 383 1645 432 But 'tis Objected, That though this be true, it does not appear that
726 436 1645 473 laying a Duty on their Goods here can be a Burthen or Ruin to
718 464 1640 508 their trade, it being rais'd here not there, and paid by the Importer,
726 514 1638 563 and to him again by the Retailer, and at last by the Consumer,
726 552 1636 601 in the Prices of the Goods; all Taxes in general being supposed
721 587 1186 637 to be paid by the last Buyer.
730 645 1640 700 This were a good Argument, if sad Experience had not made it
655 697 1645 737 appear to be a mistake; and to convince those who are of another
662 728 1641 777 Opinion, 'twill be necessary a little to examine the History of the
658 769 1339 813 trade, and of the last Duty imposed upon it.
694 804 1645 849 Our Sugar Trade, in general, is but a young Manufacture, and
655 852 1641 889 dates its Original within the Memory of some Persons now living,
655 883 1638 930 and is, perhaps, the greatest improv'd Trade, and the most Profitable
653 915 1645 970 to England, that is, or ever was in the World. The first
655 963 1648 1002 cause of its rise was from the Indiscretion of the Portuguese, who
655 996 1648 1049 presuming upon their being Masters of the Sugar- Trade in the
655 1035 1645 1082 Brasills, laid a heavy Tax on their own Sugar, which encourag'd
655 1083 1645 1121 our Island of Barbadoes, to whom first the way of making of Sugar
658 1115 1648 1154 was discover'd, to run into the Trade; and it has been in vain that
653 1160 1645 1190 the Portuguese saw their Error, and have since endeavour'd to retrieve
653 1186 1636 1232 it. This is so direct an Example, 'tis needless to argue it.
655 1228 1648 1269 And whoever knows the Sugar- Trade, cannot be ignorant, that it
653 1263 1650 1312 is not impossible to be lost by the same Error by which it was
654 1308 762 1363 gain'd.
690 1346 1652 1383 In the Reign of the late King James an additional Duty was
653 1380 1650 1426 laid upon Sugar, notwithstanding all the Remonstrances of the
662 1416 1645 1467 Traders and Planters to the contrary; and yet even then nothing
653 1457 1648 1505 but the pretence that the Duty wou'd not affect the Planters but lye
651 1491 1650 1545 on the Consumer, with a Promise of His Majesty to remit it if it
655 1539 1352 1586 prov'd otherwise, could make it seem tolerable.
694 1581 1646 1618 But when time demonstrated the sad effect it had on the Planter,
650 1605 1638 1653 and they applied for Relief, they were answer'd, 'Twas an Unmannerly
650 1641 1420 1692 thing to put His Majesty in mind of His Promise.
700 1679 1636 1732 'Tis true, if sugar was Planted and Cur'd in England, the Duty
650 1723 1641 1764 might lye on the Consumer, as in other Cases it does; but here the
653 1765 1030 1808 Case differs exceedingly.
690 1799 1638 1846 The Planter is the Seller at our Market, the Merchant here is but
650 1850 1638 1891 the Factor; when the Planter Ships his Sugars for England he consigns
650 1885 1642 1926 them to his Factor to be Sold for him, and generally draws
646 1921 1636 1962 Bills upon his Factor for as much as he supposes the Produce to be,
643 1959 958 2004 and sometimes more.
694 2002 1645 2042 Upon laying the Duty abovementioned, the Experiment was made;
650 2026 1645 2082 the Factor had two ways to manage the Sugars and Bills, and no
650 2082 762 2123 more.
1525 2143 1638 2188 1. To
2387 72 2501 147 (3)
2009 173 2624 243 1. To Accept the Bills absolutely. Or,
2012 218 2284 276 2. Conditionally.
1946 294 2929 354 If he accepted the Bills absolutely, he would then sell the Goods
1913 345 2917 389 at the Market-price, let it be what it would, to enable him to
1921 379 2917 428 comply with the Payment; and if the Produce did not make it
1910 417 2914 465 good, the Planter remain'd Debtor to the Ballance, so the Loss
1919 444 2220 499 return'd upon him.
1957 491 2914 547 If he accepted the Bills conditionally, that is, to pay when the
1915 534 2914 579 Goods are sold: If the Goods did not sell in time, the Bills went
1913 571 2916 618 back protested, or else were Noted, and lay here at Interest and
1915 607 2913 659 Charges. By both which the Planter was a considerable Loser both
1906 641 2329 691 in Money and Reputation.
1951 679 2914 738 The Buyers here knowing too well these Methods of their Trade,
1906 725 2912 780 and that of Necessity the Factor must sell for the Reasons aforesaid,
1913 764 2914 819 refused to advance in Price notwithstanding the Duty, and withheld
1911 796 2912 849 buying by a General Consent, and the Consequence soon
1913 836 2902 891 answer'd their Expectation, for the factors were forced to sell at the
1907 883 2905 923 old Price to support the Credit both of themselves and their Principals.
1947 952 2897 1010 But some of the most Considerable Factors being willing to try
1910 994 2900 1037 all possible Ways for their Employers, shipp'd off great Quantities
1909 1030 2900 1083 for Holland, Hambourgh, and other Parts, but those Markets
1910 1059 2894 1124 being not able to take off the Quantities, and the Bills still following
1901 1107 2900 1156 the Goods, to enable the Exporter to pay the Planters Bills, as
1901 1149 2904 1193 above, the very same thing follow'd Abroad, the Goods were
1903 1185 2906 1235 forced to be sold to raise the Money, and the Loss fell still upon
1903 1214 2164 1259 the poor Planter.
1951 1249 2894 1307 Thus, whoever pays the Money, the Planter bears the Loss, and
1894 1299 2897 1355 is left in Debt, and consequently Undone; for 'tis quite another
1894 1329 2765 1376 thing to be in Debt in the West Indies than 'tis in England.
1942 1370 2893 1419 That the Planter is not able to bear the Duty, at least, at this
1895 1414 2897 1459 time, is the next thing to be proved, and that is as plain as the
1895 1453 2885 1499 other. The War which has lasted now nine Years, has been a
1895 1491 2888 1533 General Prejudice to all Trade, but to the West-India Trade in
1907 1522 2893 1572 particular: And in the West Indies, the Islands of Barbadoes and
1891 1565 2888 1612 Jamaica have been as it were destin'd to be Ruin'd, having besides
1895 1605 2893 1642 the War had a Complication of Disasters, as the dreadful Earthquake,
1891 1644 2874 1697 and the Insurrection of the Negroes at Jamaica, the Loss of
1898 1680 2886 1723 Three or Four entire Fleets from Barbadoes, by Disaster of Weather
1889 1721 2893 1761 and Hurricanes, together with a Distemper brought amongst them
1894 1751 2888 1811 by the Men of War, little better than the Plague, which swept
1889 1795 2520 1832 away great Numbers of their Inhabitants,
1930 1832 2885 1877 Also they have raised Forces, and fitted out Ships at their own
1887 1875 2884 1915 Charge for several Expeditions; and in short, besides their Losses
1891 1914 2882 1962 at Sea by the French, with the Ruin of great part of Jamaica,
1882 1958 2882 2004 and St. Christophers, by their Descents, have raised larger Taxes on
1887 1990 2961 2044 their Estates than has been paid by us at home; by which Means
1889 2026 2884 2066 there is not half the Sugar planted in the West-Indies that was before
1886 2057 2108 2104 the War.
2785 2099 2880 2147 After
