2479 3508
1042 504 1192 626 (29)
536 594 1736 724 I think you must be sorry yourself for having
529 686 1737 809 thought of it, but that you are so run
526 768 1722 888 away with by your Enthusiasm: For, to
538 844 1742 968 what Purpose is it to trouble yourself and the
539 922 1736 1019 world with all this? You may as well
529 1004 1746 1150 stop the Tide at London-Bridge with your
538 1091 1742 1225 Thumb, as they say, as alter the Course
532 1176 1729 1271 of Trade and the whole Scheme of Planting
529 1260 1734 1365 by this Paper-kite of yours. Human
532 1345 1745 1441 Affairs will take their Course, fluminis ritu,
532 1422 1754 1518 as Horace says, wise Men go along with
532 1505 1745 1617 the Stream, and do not ridiculously try to
535 1589 1742 1696 turn it. All States have their Periods,
541 1664 1745 1761 which no human Care can prolong; even
541 1749 1739 1835 Great-Britain it is thought tends to its
532 1828 1745 1972 Ruin, if some strong Medicines and good
532 1926 1312 2045 Alteratives are not applied.
597 1999 1754 2086 O. To regulate and direct the Affairs of
538 2075 1742 2179 Great-Britain requires more Skill than I
544 2156 1739 2278 can pretend to, and suits not my small Capacity.
538 2249 1742 2372 By good Luck they are in the Hands
544 2336 1748 2420 of good Men, Men of large Property, and
544 2414 1748 2508 of known Worth and Honour, and we do
544 2491 1746 2616 expect that they will put Things into a new
538 2577 1743 2714 course, purge away some of our corrupt
550 2657 1748 2749 Humours, correct the bad Juices by a good
544 2738 1748 2859 wholesome Regimen, and restore Health
535 2820 1752 2955 and Vigour to our crazy Constitution.
1563 2903 1751 3026 There
981 2939 1059 3035 4
