2479 3508
96 466 2263 532 BY THE MERCHANTS
554 527 1766 617 OWNERS OF SHIPS AND
158 677 2306 830 MARINERS, TRADING TO.
494 854 1817 958 His MAJESTIES Sugar-Plantations.
123 1100 2259 1201 IT is humbly offered to the Consideration of this Honourable House, That the white
142 1160 2262 1252 Sugar Planters, by an Accompt untruly stated; delivered by them to the Committee
96 1239 2257 1329 of the House of Lords, they doe Assent that unpurged brown Sugars doe produce cleare
98 1293 2268 1397 of Charges to the Merchant above Nineteen shillings and nine pence each hundred
96 1375 2251 1468 weight, whereas it is most true, and is ready to be made appeare by exact Accompts, of
93 1416 2265 1531 the Sale of that sort of Sugars which came from Barbadoes, to the hands of severall
101 1506 2248 1599 Merchants of good Credit the last year, that they doe not produce above Eleven
106 1569 2262 1686 shillings a Hundred, and some not above Ten Shillings; and the Planters themselves
101 1624 2276 1757 in their said Accompt, Rating white Sugars but at Fifty Shillings per Hundred,
104 1703 2284 1804 which is Ten Shillings under their just and Indifferent value, do make them to produce
104 1776 2262 1864 Thirty nine Shillings per Hundred, which is near four for one; And it is ready
106 1826 2270 1937 to be made appear, that several parcels of white Barbadoes Sugar, have been lately
106 1910 2265 2027 sold at Seventy four and Seventy six Shillings per Hundred by an Eminent white
109 1995 1665 2066 Sugar Planter, at which Trice they produce above five to one.
175 2044 2289 2139 And it is farther humbly Proposed, that if it shall Please this House to reduce the
109 2126 2292 2205 Rate of unpurged Brown Sugar to half a farthing per pound, his Majesty will thereby
104 2186 2279 2270 receive a Greater and more Certain Revenue, then by Imposing one farthing per
123 2251 2295 2366 pound on the said Sugar, forasmuch as at a half farthing per pound, all or the
120 2319 2284 2423 greatest part of the unpurged Sugars, that shall be Imported from his Majesties Plantations
117 2385 2284 2475 will be Refined, and Consumed in this Kingdom, and his Majestie will receive
117 2450 2284 2538 the full Excise thereof, as well as of White; when as Paying one farthing per
120 2519 2298 2631 per pound the Refiner cannot be encouraged to Manufactor them; and being for
123 2570 2303 2674 noe other use, they must be Exported to Forreign Markets, whereby His Majestie will
117 2644 2309 2740 not onely lose the whole duty of Excise, but also half of the Customes Inwards, which
123 2707 2306 2811 will be Returnable upon the Exportation, and so the Manufacture will be wholly lost
123 2794 2090 2873 to this Kingdom; And Forreign Nations will reape the Sole Benefit thereof.
