2479 3508
1048 389 1131 476 7
358 452 1827 596 pickaninny, — husband and wife, — broder and sister,
419 561 1587 640 — ah! me no bear tink; it break my heart.
354 631 1795 720 E. I thought you blacks had no such fine feelings.
410 686 1834 808 C. Me beg your pardon, Massa, dat be de whites ;
404 742 945 839 — de blacks all feel.
408 812 1823 911 E. And they have a difficulty to part you sometimes
347 843 810 961 I reckon?
351 932 1314 1017 C. De curst wip do dat, Massa.
408 1009 1814 1131 E. You had the luck to meet with a good master,
343 1057 620 1149 however.
351 1137 1439 1236 C. Dey say, my Massa good Massa.
404 1208 1378 1275 E. And what did he set you to do?
404 1260 1801 1378 C. De Overseer, after he mark us wid red hot iron,
336 1323 1804 1439 send me and good many more to de gang to de seasoning.
395 1419 1199 1535 E. Seasoning! What's that?
395 1528 1804 1611 C. O dey call de two first years de seasoning, den
327 1568 1234 1662 if we live, dey call us good slave.
391 1631 1295 1725 E. Does it kill any of you then?
393 1699 1057 1803 C. Great many, Massa.
386 1760 1566 1873 E. What sort of work did they set you to?
386 1827 1779 1943 C. Me field-slave; me work in de field a-day, and
312 1906 1225 1996 sometimes tend de mills at night.
373 1965 1177 2044 E. Is your work very hard?
371 2022 1782 2142 C. Very hard, Massa, and work great many hours;
306 2077 1677 2184 but Negro no mind dat, so use well and feede well.
358 2146 1077 2245 E. What do you live on?
338 2225 1779 2323 C. Rice, horsebeans, and sometimes stinking fish;
299 2280 1240 2365 what white no eat, he give blacke.
352 2360 1766 2437 E. Well; with all you hardships, your must acknowledge
290 2375 1771 2511 you are better off than in your own barbarous
288 2472 1166 2553 country, full of lions and tygers.
339 2548 1504 2646 C. But there be no Negro driver, Massa!
343 2589 1782 2710 E. Keep in boundaries, Cushoo; you know in your own
280 2649 1760 2758 country you live under barbarous and petty tyrants, in
275 2736 1756 2819 a wild uncivilized state; but in the West Indies you
277 2782 1755 2917 are brought to a civilized state, and live under the protection
275 2845 1589 2993 of our gracious Sovereign King George.
