2479 3508
1187 365 1333 466 [ 6 ]
548 451 2000 535 But the Bill says; factors shall no longer be traded to, than whilst under the Protection of
509 513 1998 565 the Ambassador or Consuls: To this it is answered, That they must continue so for their own
513 559 1992 611 Security, otherwise they must immediately fall into the State of Subjects of the Sultan, and
509 598 1992 652 must pay the Poll Tax; and as to the Regulations of the Company, they will be under small
509 641 1998 691 Difficulty of submitting to them; for in a little time their Nation must have the forming them.
513 680 1983 729 But this does not separate them from their own Nation, or exempt them from its Jurisdiction,
509 721 1327 787 to which they are, by the strongest Motives, bound.
548 768 1987 841 It has been urged, that these English Jews are in no Connexion with those of Turkey, but
513 828 1987 887 will live separate as Englishmen: But it is known they are the very same People; for as well
518 869 1989 928 Those, as These, are generally Refugees from Italy or Spain. And those very Persons, who have
505 919 1987 971 thought themselves most interested in the Event of this Bill, are no more Englishmen, than any
503 956 1359 1027 Constantinople Jew may be at any Time by Denization.
544 1008 1987 1087 It is known to all who have lived at Aleppo, that the Leghorn Jews, who live there under
509 1072 1992 1128 French Protection, wear their Beards, and live and converse altogether with the Jews of the
503 1116 1998 1170 Place, with whom they intermarry. The chief Partner of the Jew at Smyrna, who has been
503 1165 1987 1206 cited in a late Case, does the same at Smyrna; and it is known, that they all contribute, in
505 1202 1989 1254 some Form or other, either by a Rate or free Gift, to the Maintenance of the national Poor;
501 1238 1884 1292 which is a heavy Charge, and many of them have been heard to complain of it as such.
542 1286 1996 1368 Several of the Jews now living at Constantinople, and elsewhere, are descended from such as
505 1357 1994 1409 came from Italy under some foreign Protection ; but, mixing there with their own People, the next
503 1398 1989 1452 Generation of them became Subjects of the Sultan: The same thing will no doubt happen with
498 1437 1981 1498 the English Jews; and as to such of them as may not marry, there are not wanting Inducements
499 1480 1439 1538 to their considering themselves as at Home in Turkey.
542 1534 1981 1607 The Protection given to stranger Jews, by the Christian Ambassadors in Turkey, is very different
499 1592 1989 1648 from what the English Jews are to have from this Bill; for those stranger Jews are not
503 1636 1983 1679 considered as the Subjects of any one of the States by whom they are protected, but as Subjects
499 1672 1989 1731 of States not in Amity with the Porte, and who are allowed to resort to Turkey, under
498 1717 1983 1769 the Protection of some one of the Nations established there: But they are not received into the
499 1752 1979 1804 Community of any of the Nations they are under, or have a Place at their national Assemblies;
498 1799 1990 1849 nor can those who are protected by France, who are the greater Number, trade to or from
499 1834 1979 1884 France; and, in case of any Difficulties, they are to be helped out at their own particular
503 1873 1983 1936 Expence; they pay their Consulage, and are exempted from being treated as Subjects of the
499 1907 1860 1983 Country; and even in this, their Pretensions are to be treated with great Moderation.
514 1972 1981 2043 The Turks allow the Protection of their own Subjects by foreign Ambassadors, with the
499 2028 1983 2078 Commission of an Honorary Druggoman in the same Manner; and a Vizier, or other great
499 2074 1979 2123 Minister, will often ask this as a Favour, in Behalf of a Jew or Christian they may be disposed
498 2112 757 2188 to favour.
539 2164 1985 2244 The other Reason against admitting the Jews into the Levant Company, is, that they will in
498 2233 1977 2281 time get all the Trade into their own Hands; but this is the least Inconveniency that can happen
499 2270 1974 2320 by this proposed Regulations: This Apprehension is founded solely on the Preference they will have
490 2307 1981 2363 from their Brethren in Turkey: The large Communities of Jews there, have a great Influence, which
499 2356 1981 2406 will be employed in favour of their Brethren against the King's Christian Subjects; and it must
498 2397 1968 2442 and will bear them down in the End. They are not afraid of the Skill or Industry of the Jews;
494 2428 1974 2481 those are in every Man, as God has given him Talents, and he has employed them: Nor are they
503 2468 1974 2520 apprehensive the Jews, by their Oeconomy, can go cheaper to Market than they; for they have
499 2514 1972 2568 seen as many Instances of Vanity and Excess in Turkey, amongst them, as amongst any other Set
499 2553 1963 2606 of People; and their national Expences there must be great. There have, indeed, been Suggestions
499 2591 1972 2641 that they could do Business for less Commission: But this is an Abuse; and there was
498 2632 1968 2682 lately a very flagrant Instance at Constantinople, of a Jew House, which had pretended to mighty
498 2673 1963 2723 Matters of this kind ; and a great Circulation was carried on for some time, but all ended in a
499 2706 1966 2760 scandalous Failure; the two partners disappeared; some of the Creditors upon the Place got somewhat
499 2751 1970 2799 in a sort of Scramble, but for the foreign Correspondents, who were chiefly at Venice and
498 2786 1968 2842 Holland, there was not any thing left. What, therefore, the King's Christian Subjects hope for,
494 2831 1964 2883 is, that they shall not, by this Bill, be put within the Reach of a most undue Influence and Preference;
490 2868 1625 2935 which must be the Case, if the Jews come at all into this Trade.
