3508 2479
476 70 1748 171 Treason, and more barbarous and Cruell then the Massacre
472 148 1735 236 of France, being destroyers of their own liberties, and
489 212 1740 300 supplanters and overthrowers of the same Religion that they
471 264 1743 347 themselves pretend to professe. The Agreement betwixt the
485 311 1743 404 Chavaliers and the Malignants here in this City was, that
472 383 1740 461 about eleven of the clock on the Tuesday night, a house
469 445 1741 523 neere unto Froome Gate was to be blowne up; which was to
484 492 1740 580 give warning to the Chavaliers to make their onset; who
472 554 1738 635 against that hour were to draw downe unto the City, and
479 598 1736 699 Prince Robert with his Army came so nigh as the gallows:
466 648 1730 756 a bell at St. Johns Church on a hill above the gates was to
466 725 1731 813 toule, another bell at St. Michaels Church upon the hill
467 783 1723 883 above the Green was to ring, to give notice to the Malignants
474 840 1710 932 of this Towne to rise in an instant; sufficient parties
464 904 1736 1003 were made to have forced all the Courts of Guards, thereby
459 958 1730 1052 to have let the Cavalliers in without opposion; for that
469 1002 1730 1108 purpose there were in readinesse in the house of Master
458 1067 1726 1161 George Butcher of Christmasse street, a new made Captaine
458 1125 1728 1218 for this designe, about 160 armed men, and in the house of
458 1181 1728 1274 Master Robert Yeomans (who was one of the Sheriffes of this
464 1233 1722 1349 City the last yeere, foure and twenty men ready to put
451 1301 1712 1412 themselves in armes which there they had; the one to supprise
458 1360 1713 1459 the maine Guard, the other, the Guard at Froome-
458 1420 1720 1515 gate, and to let in these bloud sucking Chavaliers; two
451 1484 1717 1562 other Bells were to toule at the same time to give notice to
454 1534 1702 1635 the Malignants to rise in all parts of the City. Both Monday
445 1595 1715 1682 and Tuesday, white peeces of Incle were given to divers, and
440 1632 1717 1748 to the better sort of people Ribbins, who did weare them in
443 1702 1718 1803 their bosoms and hats for distinction, and all that had not the
443 1761 1710 1868 word Charles, or those Marks, were to be put to the sword,
438 1813 1709 1932 murthered and destroyed, besides divers houses in many
438 1875 1715 1971 places of the City were marked with white chalk, who were
428 1941 1709 2042 designed to utter ruine and destruction. The businesse is not,
1664 2061 1712 2091 as
1884 117 3191 179 as yet fully examined, but this and much more is confessed
1889 179 3187 238 by the principle and maine plotters of this wicked designe:
1899 238 3187 296 I want time to give you a perfect Relation, you shall speedily
1904 292 3187 358 have a fuller and better account, as soone as we have
1889 344 3187 412 a little recovered our selves out of these distractions; for the
1906 410 3187 474 present, here is enough to stirre you up to joyn with us in
1896 466 3191 523 the admiration of Gods infinite goodnesse and mercy to
1899 521 3192 580 us, and to give God his glory and prayse for this wonderfull
1899 580 3186 643 and gracious deliverance, that hath preserved so
1897 650 3194 705 many thousands of us that were innocent, and sold,
1899 704 3196 756 and almost given up into the hands of these cruell and
1906 746 2324 818 bloud thirsty men.
1968 811 3187 888 The Cheife actors of this mischievous designe were the
1906 873 3191 932 aforesaid Robert Yeomans, and George Butcher, Mr. John
1911 930 3191 998 Taylor, Mr. Colestone, and his brother Mr. Fitzherbert, two
1906 998 3184 1065 Colsons, and two Herberts, N. Cule, E. Arundle, Mr. Caple,
1906 1059 3192 1108 and Captain Cole of St. Augustins, who with at least one
1906 1101 3196 1171 hundred more Actors and Accessories, are already taken
1907 1161 3194 1220 and imprisoned in the Castle, and hourely more are discovered
1914 1220 3189 1285 and secured, many of them upon examination have
1906 1277 3184 1357 confessed the plot to be in manner as before is described;
1907 1337 3194 1404 and that threescore families of men, women, and children
1911 1396 3191 1459 were to be put to the sword, without quarter, given in upon
1906 1459 3194 1513 a note. Twogoods house was searched and therein were found
1912 1507 3202 1564 many papers that did discover the whole plot, and between
1911 1564 3191 1619 three and four thousand pounds in money and plate, and
1907 1617 3192 1676 twenty muskets charged with bullets, besides divers instruments
1907 1666 3192 1740 to murther and destroy with cruelty, such as wee
1906 1723 2368 1783 never saw before.
2476 1834 2728 1906 A Postscript.
1956 1880 3202 1945 Prince Rupert and that Army marched away as soone as their Plot
1912 1932 2205 2020 was discovered.
2644 1992 2757 2075 A 3
3082 1990 3202 2069 The
