2479 3508
1484 325 1626 459 ( 44 )
865 414 2170 562 us of, without our consent, whilst Great Britain
865 528 2132 626 continues a free and independent
865 602 2186 695 Kingdom, and her children retain any degree of
868 671 2173 796 love for the laws of England and for civil liberty.
945 784 2186 893 To say, that our rights and possessions are
871 888 2189 1008 secured to us by the laws of England, and yet
874 960 2189 1078 at the same time, that we have no title to those
879 1037 2168 1152 powers and privileges, without which they cannot
874 1108 2185 1202 subsist, is downright impudent nonsense;
874 1180 2181 1279 it is mocking us with the sound of Liberty
874 1251 2185 1369 and Property, and robbing us of the substance.
945 1377 2185 1507 If we are freemen, and not slaves, our liberties
889 1476 2189 1560 are as much our inheritance, as our
883 1543 2198 1639 lands. If our lives, liberties, and properties
886 1637 2201 1731 are not our inheritance, secured to us by the
886 1695 2186 1785 same laws, determined by the same jurisdictions,
886 1772 2199 1836 and fenced in and defended by the same
889 1831 2196 1945 constitution, as the wisdom of our ancestors
889 1903 2189 2007 found it necessary to establish, for the preservation
889 1974 2189 2065 of these blessings in our mother country;
894 2058 2193 2152 then, are the subjects of the Colonies,
894 2127 2196 2209 not freemen but slaves; not the free subjects,
901 2198 2208 2314 but the outcasts of Britain; possessing these
897 2275 2199 2390 invaluable blessings, only as tenants at will,
893 2347 2191 2464 the most uncertain and wretched of all tenures;
893 2416 2211 2554 and liable to be dispossessed, by the
893 2495 1369 2600 hand of power.
967 2548 2217 2684 Lord chief justice Coke, (that oracle of
897 2620 2199 2763 law) being a member of the house of Commons,
897 2706 2214 2816 in the reign of Charles the 1st. said, in
904 2771 2208 2891 a conference with the Lords: "For a free"
902 2839 2221 2962 man to be a tenant at will of his liberty; I
2002 2914 2229 3020 " will
