2479 3508
162 88 264 188 30
640 69 1576 174 The ART of making SUGAR.
159 181 2054 269 texture, a shining snowy whiteness, and so transparent that common print may
164 254 1322 311 be read through the thickest part of a large loaf.
240 309 2066 397 This sort of sugar may be scented with different flowers, by strewing the
169 373 2068 445 flowers on the moist cloths, and renewing them as often as the cloths are
159 437 2064 509 changed, and twice a day besides: the water, filtering through the cloth carries
169 504 2071 573 down with it those particles of the flowers in which their fragrance resides, and
183 573 770 654 leaves them in the sugar.
228 644 2068 704 Labar relates, that twelve hundred pounds of refined sugar yield only five
166 701 1051 773 hundred and forty-six of sugar royal.
252 763 2071 835 The French prepare, in imitation of the royal, a sort of sugar which
166 832 2064 915 they call sucre tappe. This is no other than the common clayed sugar rasped
169 894 2068 956 very fine before drying, and rammed into small moulds which have been previously
166 972 2073 1032 moistened with water. This sort of sugar looks very beautiful: but as
188 1022 2078 1106 its particles have no natural union, they separate upon the least moisture, and
169 1091 606 1170 run into melasses.
815 1213 1324 1308 3. Of Sugar-Candy.
226 1348 2066 1434 Sugar-candy is made from the muscavado or clayed sugar, by dissolving
176 1415 2066 1481 them in weak lime water, and after due clarification setting them to
176 1488 2076 1550 crystalize or shoot in a hot room. The moulds are furnished with a number of
181 1545 2080 1614 small sticks laid across for the sugar to shoot upon: their lower apperture is almost
178 1621 2078 1686 closed, so as to suffer the part which remains liquid to filter through very slowly.
183 1674 2083 1755 When the sugar is sufficiently boiled, it is carried with all possible expedition
171 1738 2071 1824 into an hot stove, immediately poured into the moulds, and the stove kept strongly
178 1807 2078 1888 heated. The sugar concretes upon the stick into crystalline masses, of a white or
176 1869 1533 1942 brown colour, according as the sugar was pure or impure.
775 2092 1481 2187 APPENDIX.
190 2247 2083 2349 The Art of fermenting and distilling Melasses, &c. for RUM,
801 2332 1448 2437 or inflammable Spirit.
523 2484 1757 2558 1. Of the Fermentation of the Cane Juice in general.
250 2610 2090 2703 All kinds of sweet vegetable juices are capable of being converted, by means of
190 2679 2090 2748 slow fermentation, into vinous liquors, which may either be preserved in that
202 2744 2080 2815 form, or made to yield by distillation an inflammable spirit; by a hasty fermentation,
216 2803 2092 2886 or a slow one long continued, they are changed into vinegars. The native
204 2870 2085 2960 juice of the sugar cane, as it is eminently sweet, is likewise in a particular manner
204 2939 2092 3022 disposed to ferment; but without a great deal of address runs, beyond the process
195 3010 2090 3067 of vinous fermentation, into an acetous state. After it has undergone a degree of
243 3067 2090 3148 fire, it becomes less susceptible of these changes; and does not ferment readily
202 3131 2090 3195 without the assistance of such matters as promote this operation: such is the flower
197 3219 1600 3269 or head which arises upon liquors during fermentation, &c.
1957 3260 2104 3336 Here
