2479 3508
1110 232 1269 318 ( 6008 )
309 333 2065 413 These Trees are exceedingly different amongst themselves;
313 408 2080 485 for, some shoot up in 2 or 3 bodies; others in one, as this. Their
320 485 2083 556 Leaves are many of them dead, and most discolour'd, unless
322 556 2074 624 on very young Trees. They are not at all beautiful, nor so agreeable
320 638 2083 704 to the Eye, as the Fruit is to the Palate of them that
329 702 2083 788 love Chocolatto. The number of Codds the Tree produces,
322 774 2080 858 is uncertain: But we reckon, a bearing Tree yields from 2
331 847 2087 924 to 8 pound of nuts a year; and each Codd contains from 20 to
329 933 578 1013 30 nuts.
402 984 2089 1068 The Manner of Curing them is; to cut them down when
329 1061 2092 1143 they are ripe, and to lay them to sweat 3 or 4 dayes in the
338 1134 2092 1216 Codds; which is done by laying them on heaps. After this
338 1205 2092 1284 they cut the codds, and take out the nuts, and put them into
333 1299 2096 1359 a trough cover'd with plantan-leaves, where they sweat again
338 1350 2100 1436 about 16 or 20 days. The nuts that are in each codd, are knit
340 1432 2092 1505 together by certain fibres, and have about them a white kind
346 1500 2092 1580 of pulp, that's agreeable to the palate. By the turning and
342 1573 2105 1650 swetting their little strings are broken, and the pulp is imbibed
340 1639 2103 1730 and mingled with the substance of the nut. After this, they
340 1723 2098 1807 are put to dry 3 or 4 weeks in the Sun, and then they
346 1787 2105 1882 become of a reddish dark colour, as you see, and so are
355 1866 552 1941 cured.
424 1926 2103 2008 What is remarkable in this fruit is, that the Codds grow only
351 2010 2114 2085 out of the Body or great Limbs and boughs; and that at
355 2080 2111 2178 the same time, and in the same place, there are blossoms, young
357 2149 755 2248 and ripe fruit.
435 2222 2116 2308 These Trees bear at different times; the greatest crop, at most
351 2303 2114 2381 of our Cacao walks is in December and January: But at one
362 2372 2114 2462 of Colonel Modifords walks, whence this Tree was taken, they
364 2445 2120 2535 bear most in May; yet its not above 5 miles from those walks,
382 2524 2125 2597 which bear alwaies in December: But those that bear
357 2592 2122 2670 then, have some fruit in May; as the other have in December.
441 2663 2127 2740 It's planted first in the Nut, alwaies under shade: Some do
362 2745 2129 2815 it under Cassive; others, under Plantan-tree, and some in the
379 2802 2116 2875 Woods. The Spaniards used a certain large shady plant,
373 2879 2129 2950 call'd by them Midre di Cacao: We only th' others; and seldom
371 2948 2140 3016 transplant, only where it fails, as it doth many times in open,
382 3040 2133 3131 poor and dry lands: for, this Tree requires to be
1988 3102 2158 3181 shelter'd
