3508 2479
220 206 309 278 26
472 142 1301 276 Preservatives against the Plague.
225 237 1523 349 perficiall parts, and there to apply the rumps of Chickens,
233 278 1520 392 as before is taught you, and so apply to the place some strong
238 335 1528 449 maturative, and atractive plaister, or Cataplasme, as hereafter
238 395 1530 491 shall be shewed you. If the greif be in the head or throte,
247 436 1530 553 then apply Ventoses to the neck: If it be in the emunctuaries
243 501 1533 596 of the heart, then apply them to the shoulders: If in the
255 540 1533 660 emunctuaries of the liver, then apply them to the buttocks or
250 602 1541 700 thighs, now when this is done, either by Phlebetomy, or
250 629 1553 749 Ventoses, then within an hour or two at the most after it, you must
258 691 1539 821 give the sick some good Cordiall Medicine, which hath power
264 749 1551 862 to comfort the heart, resist the venomous matter, and also
269 798 1559 929 procure sweet, whereof out of the following you may make
273 896 648 973 choice as you list.
326 948 1566 1068 An excellent good Powder to expell the Plague, which also
382 1058 658 1131 provoketh sweat.
343 1097 1590 1228 Rx. Roots of Gentian, Bittanie, Petasitis, ana, ʒ. i. Roots of
289 1167 1585 1277 Tormentill, Dittander, ana, ʒ iii. Red Sanders ʒ. ß. Fine Pearle
292 1216 1597 1324 of both sorts, ana, ℈. i. Fine Bolarmoniack prepared, fine Terra
305 1275 1600 1397 sigillata, ana, ʒ. vi. Rindes of Citrons, red Corrall, Roots
304 1332 1600 1437 of Zedoiar, shaving of Ebony, bone of a Stags heart, ana, sixteen
304 1379 1608 1486 graines: Fragments of the five pretious stones, ana, ℈. ß.
305 1409 1618 1544 Shaving of a Unicorns horn, Succini, ana, ℈. ß. Leaves of
315 1499 1262 1593 Gold and Silver, ana, one and half in number,
367 1513 1603 1642 Make all these in fine powder, every one severall by himself,
318 1597 1615 1699 and then mix them all together, and give thereof ℈.i. or ℈. iiii.
325 1649 1613 1755 more or lesse as occasion requireth, either in Sorrell, Scabios,
330 1690 1616 1802 or Carduus benedictus water two or three ounces, whereunto
330 1732 1624 1872 you must adde a little Sirrup of Lemons, or sour Citrons, and
335 1796 1634 1923 give it warm, the Bolarmoniack must be pounded small, then
336 1863 1139 1959 washed in Scabios water, and so dryed.
782 1961 1202 2046 Another good Powder.
392 2031 1654 2161 Rx. Leaves of Dittander, called Dictami cretici, Roots of
349 2091 1649 2220 Tormentil, Bittanie, Pimpernell, Gentian, Zedoiar, ana, ʒ. i.
353 2148 1664 2271 Terra lemnia, Alloes Cicatrina, fine Myrrh, Rinds of sour Citrons,
1553 2206 1657 2259 ana,
2021 62 2810 180 Preservatives against the Plague.
3009 62 3087 131 27
1809 144 3103 230 ana ʒ i. Mastick, Saffron, ana, half a drachm. Bosarmoniack
1824 225 2411 299 prepared as beforesaid, ʒ ii.
1868 247 3082 338 All these must be made in fine pouder, and so mixt together,
1819 268 3108 400 you may give two scruples, or one drachm thereof with any of
1815 387 2259 451 the aforesaid waters.
1992 451 2986 547 A good Opiat to expell venome, and provoke sweat.
1881 573 3112 646 Conserve of the floures of Burrage, Bugloss, Violets,
1837 633 3113 712 Bittanie, ana, ℥. ii. Venus Triacle ℥. ii. Red Terra sigillata,
1827 666 3125 756 Terra lemnia, Mithridate, ana ℥. i. Shaving of Ebonie, And
1825 709 3113 806 Harts-horn, Orient Pearls, Roots of Tormentill, ana 3 i.
1830 774 3125 859 Shaving of Unicorns horn, Root of Angelica, ana half a
1841 806 3125 916 drachm. Sirrup of the Juice of small Sorrell and Bugloss,
1840 906 2460 978 ana, so much as shall suffice.
1894 929 3133 1019 Mix all these together in the form of an Opiat, then take
1848 980 3141 1068 of the same Opiat, one drachm and half. Scabios water, Balm
1848 1066 2202 1131 water, ana ℥ ii.
1902 1084 3139 1177 Dissolve the Opiat in the waters, and drink it warm, then
1851 1138 2978 1221 walk a little upon it, and then goe to bed and sweat.
1905 1231 3146 1327 Another excellent good means to expell the venom, and procure
1987 1327 2109 1389 sweat.
1923 1393 3154 1487 Take a great white Onyon, and pick out the coar or middle
1869 1450 3157 1538 of him, then fill the hole with good Venus Triacle, or
1868 1499 3154 1593 Andromachus Triacle, and Aqua vitae, then stop or cover the
1869 1567 3157 1652 hole of the Onyon again, and rost him in the hot ashes untill
1871 1595 3165 1699 he be soft, then strein it strongly through a cloth, and
1869 1660 3170 1752 give it the sick to drinke, and the rest that remains, pound it
1874 1711 2947 1801 small, and apply it to the sore, and sweet upon it.
1926 1747 3169 1850 Now when he hath taken any of the aforesaid Cordials, if
1881 1817 3174 1915 he chance to vomit it up again, then wash his mouth with
1884 1855 3177 1962 Rosewater and Vinegar, and then give him more of the
1881 1915 3177 2015 same again, which must be proportioned according to the
1886 1966 3180 2063 quantitie vomited, for if all were vomited, then give so much
1895 2008 3182 2116 more: (if lesse) then according to the quantity vomited, and
1890 2065 3193 2168 if he vomit that also, then give him more, and so continue it
3100 2119 3177 2165 to
2532 2139 2690 2196 H h h
