2479 3508
614 223 1317 367 A Brief, but most True
234 415 1581 603 RELATION
487 566 1463 703 Of the late Barbarous and Bloody
347 953 1593 1003 PLOT
520 974 1404 1149 Of the Negro's in the Island of
249 1155 1712 1380 BARBADO'S
472 1332 1487 1461 On Friday the 21. of October, 1692.
244 1450 1720 1565 To Kill the Governour and all the Planters, and to destroy
325 1539 1731 1664 the Government there Established, and to set up a New
321 1629 1338 1751 Governour and Government of their own.
827 1688 1284 1803 21. Jan. 169 2/3
504 1788 1463 1882 In a LETTER to a Friend.
328 1963 559 2116 SIR,
701 2035 1734 2177 His day I arrive'd, But I had like
708 2162 1738 2255 to come short of the Governour. For
712 2218 1740 2319 the Negro's in this Island had made a
712 2304 1749 2415 PLOT to have distroy'd all the
727 2386 1738 2480 Christians therein: And it was to
661 2432 1749 2535 have been done that very day that we
277 2517 1744 2646 came hither. But as it happen'd, the Night before
273 2579 1753 2703 it was found out very providentially, by Two of
268 2662 1747 2791 them that were a talking of this their wicked
273 2731 1753 2869 Design; who being fully overheard to discourse
269 2810 1755 2952 thereof, they were taken up, and Examined, and so
1520 2882 1744 2996 frankly
