2479 3508
741 309 1593 446 Or, The Earl of Essex.
1919 324 2033 446 29
383 407 1459 507 Their Queen, and I am weary of the Load,
383 501 1530 562 And want a Friend like thee to lull my Sorrows.
435 551 1781 655 C. Ess. Behold these tears sprung from fierce Pain and Joy,
393 610 1604 674 To see your wond'rous Grief, your wondrous Pity.
389 665 1650 737 O that kind Heav'n wou'd but instruct my thoughts,
389 726 1659 788 And teach my Tongue such softning, healing Words,
389 779 1675 859 That it might Charm your Soul, and Cure your Breast
389 834 645 922 For ever.
442 859 1410 965 Queen. Thou art my better Angel then,
389 928 1323 1011 And sent to give me everlasting quiet-
389 1011 1500 1072 Say, Is't not pity that so brave a Man,
389 1058 1410 1127 And one that once was reckon'd as a God,
397 1103 1545 1184 That he should be the Author of such Treasons?
393 1176 1471 1239 That he, that was like Caesar, and so great,
395 1229 1553 1298 Has had the Power to make and unmake Kings,
389 1286 1526 1349 Shou'd stoop to gain a petty Throne from me?
454 1345 1530 1416 C. Ess. I can't believe 'tis in his Soul to think,
389 1408 1374 1469 Much less to act a Treason against you,
395 1451 1547 1530 Your Majesty, whom I have heard him so
397 1514 1484 1577 Commend, that Angels words did never flow
403 1567 1471 1652 With so much Eloquence, so rare, so sweet,
397 1620 1437 1691 That nothing but the Subject cou'd deserve.
446 1667 1512 1752 Queen. Hast thou then heard him talk of me?
454 1732 838 1809 C. Ess. I have,
393 1758 1463 1860 And as of so much Excellence, as if
395 1852 1380 1909 He meant to make a rare Encomium on
401 1903 1622 1974 The World, the Stars, or what is brighter, Heav’n.
397 1960 1333 2043 She is, said he, the Goddess of her Sex,
403 2019 1311 2086 So far beyond all Woman-kind beside,
397 2049 1473 2143 That what in them is most ador'd, and lov'd,
395 2127 1905 2196 Their Beauties, Parts, and other Ornaments,
397 2194 2002 2259 Are but in her the Foils to greater Lustre,
395 2241 1390 2310 And all Perfections else, how rare soever,
393 2304 1998 2377 Are in her Person but as lesser Gleams,
395 2352 2019 2432 And infinite Beams that usher still the Sun,
395 2420 2017 2489 But scarce are visible amidst her other brightness.
401 2479 2033 2546 And then she is so good, it might be said,
403 2527 2029 2601 That whilst she lives, a Goddess reigns in England.
401 2580 1540 2648 For all her Laws are regester'd in Heaven,
395 2629 1974 2715 And copy'd thence by her- But then he cry'd,
411 2692 1960 2772 With a deep sigh fetch'd from his loyal Heart,
415 2747 1966 2823 Well may the World bewail that time at last,
411 2804 1897 2882 When so much Goodness shall on Earth be mortal,
399 2873 2023 2959 And wretched England break its stubborn Heart.
452 2924 1138 2996 Queen. Did he say all this?
466 2965 1162 3044 C. Ess. All this! nay more,
401 2993 1463 3128 A thousand times as much, I never saw him
1931 3055 2070 3175 But
