2479 3508
1086 260 1382 374 (837)
454 504 1999 609 III. A Letter of that curious Naturalist Mr. Henry
541 591 1983 712 Barham, R. S. S. to the Publisher, giving a Relation
545 679 2001 803 of a fiery Meteor seen by him, in Jamaica,
541 766 2005 884 to strike into the Earth; with Remarks on the
533 847 1815 940 Weather, Earthquakes, &c. of that Island.
514 1006 706 1084 SIR,
646 1066 2007 1148 ACcording to your Request I have collected what
690 1140 2001 1219 I can remember, relating to a Meteor I saw in
463 1187 1995 1301 Jamaica about the Year 1700, as I was riding
454 1305 1995 1355 one Morning from my Habitation situated about Three
459 1353 1995 1425 Miles North-West from St. Jago de la Vega: I saw a Ball
454 1413 1983 1506 of Fire, appearing to me of the Bigness of a Bomb,
454 1489 1995 1565 swiftly falling down with a great Blaze. As I thought
452 1561 1993 1632 it fell into the Town; but when I came within a quarter
459 1629 2001 1716 of a Mile of the Town, I saw many People gather'd
452 1720 1999 1772 together a little to the Southward in the Savanna, to
454 1764 2005 1840 whom I rode up, where they were admiring at the
458 1840 2007 1914 Ground's being strangely broke and plough'd in by a
452 1912 2005 1987 Ball of Fire, which, as they said, fell down there. I
452 1978 1993 2059 observed there were many Holes in the Ground, one in
448 2042 1999 2127 the middle of the Bigness of a Man's skull, and five or
454 2142 1999 2199 six smaller Holes round about it, of the Bigness of a
463 2187 2012 2272 Man's Fist, and so deep (especially the biggest) as
452 2280 2001 2338 not to be fathom'd by what long Switches or Sticks
454 2328 1995 2414 they had at hand. I did not hear that any was so curious
459 2420 1995 2484 as to make any farther Search: It was observ'd,
452 2470 2001 2548 that the green Grass was perfectly burnt near the Holes,
454 2559 2003 2613 and a strong Smell of Sulphur remain'd thereabouts for
458 2615 1012 2708 a good while after.
520 2677 2001 2751 Note that we had a terrible rainy Night before, with
448 2741 2007 2815 much Lightning and great Thunder-Claps, which we
1846 2817 2009 2900 have
