2479 3508
1484 404 1685 544 ( 62 )
916 499 2226 615 Point. Within this Point, to the westward,
924 610 2229 690 his Majesty's ship Raisonable was lost, off
916 685 2232 794 Fort and Point Gardie; this Point therefore
916 750 2226 865 must be avoided. Here we were informed
919 844 2231 946 that the Admiral and Fleet were at anchor
916 908 1715 1017 in Diamond Cove or Road.
1007 987 2234 1082 The Diamond Rock, which lay's more than a
924 1068 2221 1145 mile from the shore, bears from Point Saline
923 1129 2244 1226 W. N. W. distance 7 or 8 miles. The
928 1203 2229 1295 aforesaid Rock is high and round, and to
934 1282 2222 1366 the N. W. of it is Diamond Cove or Bay,
934 1353 2231 1466 where we found his Majesty's Fleet at anchor,
929 1428 2232 1529 the 16th of January 1762, under the
934 1501 2234 1615 command of Rear Admiral Rodney, and the
931 1577 2239 1664 next day we landed his Majesty's Troops in
934 1680 2226 1745 Cass Navire Bay; but as the Antigua Brig.
937 1736 2237 1817 was ordered to the northward, I chose to
931 1806 2231 1914 go with her, in order to go to Jamaica, and
931 1883 2229 1995 so we proceeded to Guadaloupe, where we
928 1946 2232 2054 found a sloop from Lisbon, from Capt. Johnston
934 2028 2234 2140 of the Hornet, which gave us an account
937 2107 2239 2211 of a Spanish War, and the Captain gave me
928 2186 2227 2295 a Copy of the King of Spain's Declaration.
934 2265 2226 2349 As the Lieutenant Governor sent the Brigantine
928 2330 2226 2428 back to Martinico, I thought it my
937 2409 2224 2512 best way to go back with her; but as a ship
934 2498 2227 2583 then at Guadaloupe (the Alexander, Captain
941 2559 2226 2646 Atkinson) was ready, or would be in two or
934 2631 2229 2750 three days, I was determined to secure myself
936 2712 2237 2811 a passage, and agreed with him, in case
931 2776 2239 2886 I should be disappointed at Martinico, as it
1934 2863 2246 2979 happened
