2479 3508
1460 400 1696 431 ( 2 )
831 501 2334 546 ward Generall, which brings this welcome
844 597 2333 636 <obscured/> from <obscured/> parts. <obscured/>
845 689 2333 740 Ships named the Morstanmore, the Hector,
847 784 2343 834 and the Cagway, the last being a Prize
833 833 2336 958 Vessell taken in those parts, these Ships
837 920 2332 1036 sailed from Jamaica over unto the Maine,
830 1017 2327 1149 and there fell upon two rich and considerable
860 1100 2338 1259 Townes called Core, and Comena, which
854 1219 2342 1319 Townes they pillaged where they met
845 1297 2345 1416 with a great Booty and rich plunder, and
833 1402 2353 1535 after the Pillaging of the Towne the English
839 1484 2353 1646 quickly resolved, the Enemy was such as
845 1616 2351 1710 deserved no better a Farewell, then the
843 1686 2344 1807 burning of those Townes, which was immediately
845 1803 2332 1939 done to the great terror of the Spaniard;
839 1882 2351 2007 At their returne from the Maine
843 1983 2353 2109 homeward they met with two Dutch Ships
849 2081 2351 2211 with Spanish Colours, who resisted the
843 2174 2357 2294 English but was by the English taken and
839 2287 2353 2381 brought into Poynt-Cagway, the creature
845 2364 2345 2504 taken is valued at the rate of three hundred
845 2465 2347 2610 thousand pounds. There is likewise intelligence
854 2561 2345 2706 come from those parts, that the Diamond
839 2657 2349 2829 hath brought in a Prize laden with
2145 2776 2357 2878 Coca-
