3508 2479
479 176 591 251 80
900 133 1416 228 An ESSAY
706 207 1679 323 It was never made out (or indeed pretended)
646 282 1687 391 before that Honourable Committee
648 362 1680 467 that those Forts and Castles were
656 419 1688 529 to wage a National War, or to secure against
655 474 1683 608 a National Invasion, the defence of
664 537 1688 658 their Guns could not exceed their reach,
669 626 1692 714 which was not above a Mile at most; nor
676 686 1698 795 were there any Magazines of Provisions
673 753 1685 868 laid up to expect a Siege from the Natives;
677 803 1696 920 neither could they hinder Interlopers
682 883 1701 999 who traded on the Coasts of what
684 936 1701 1053 Nation soever; but for that end the Company
680 1003 1702 1129 had obtained Frigats from the Government,
688 1083 1710 1177 who by illegal Commissions
690 1138 1714 1243 destroyed our own Merchants Ships (unless
698 1218 1712 1331 permitted on the payment of Forty or
700 1280 1705 1404 Fifty per Cent at home on the Goods they
702 1339 1719 1441 carried out) whilst they let others alone;
706 1403 1723 1522 This being seconded by their factors in
700 1474 1718 1567 the several Plantations, who seized them
700 1530 1731 1639 and their Cargoes there if they escaped
706 1600 1721 1700 the former, discouraged our private Traders,
706 1672 1728 1764 who else found no Difficulties, the
721 1738 1734 1843 Natives receiving them as Friends, and
711 1801 1734 1916 choosing rather to deal with them than
719 1868 1730 1969 the Company; whose Factories also being
717 1941 1729 2051 at remote distances from each other
727 1999 1752 2110 great part of that Coast was unguarded,
732 2083 1424 2167 and untraded too by them.
1662 2188 1771 2280 Nor
1967 74 2674 178 on TRADE, &c.
2889 58 2981 133 81
1865 167 2835 249 Nor do I see what need there was to
1794 231 2842 326 fight our way into a Trade altogether as
1794 304 2836 404 advantageous to the Natives as to us, for
1805 354 2835 459 whilst we supply'd them with things
1799 419 2842 517 they wanted, and were of value amongst
1802 483 2847 580 them, we took in exchange Slaves, which
1814 555 2842 646 were else of little worth to the Proprietors;
1805 625 2855 721 and it cannot be thought that the
1811 675 2852 781 People of England who have setled such
1811 761 2852 868 large Colonies on the Continent of America
1816 818 2863 915 (besides its several Islands) where
1815 882 2863 971 there was no reasonable Prospect of Encouragement,
1826 946 2868 1042 and have increased their
1828 1020 2866 1109 Numbers so as to be able to defend their
1831 1089 2865 1179 first Footings without the help of a Company,
1836 1137 2876 1259 not only against the Natives where
1832 1193 2880 1323 they found any, but likewise against all
1838 1284 2880 1366 other Nations, should fall short in carrying
1844 1345 2880 1431 on this Trade, which doth at the first view
1844 1400 2751 1507 offer the Prospect of so great a Profit.
1904 1473 2893 1559 Let us now consider the Inconveniences
1847 1528 2897 1624 that have attended this Monopoly, and
1853 1587 2902 1706 consequently the Convenencies which
1864 1668 2895 1754 would come to the Nation by digesting
1857 1718 2914 1835 it into an open and free, tho' a regulated
1865 1794 2906 1878 Company; sure if confining the working
1868 1860 2923 1950 in a Golden Mine to one day in a week
1874 1920 2916 2011 which would afford the like Treasure everyday
1870 1986 2923 2107 to the Nation cannot be its advantage,
1886 2059 2936 2152 no more can the limiting this Trade; for
2885 2133 2933 2170 if
