2479 3508
1173 50 1371 172 (66)
548 170 1930 299 Burrough of Southwark, and all other
555 271 1932 393 places within the usual Lines of Communication,
558 371 1936 476 described in the weekly Bills of
579 471 1930 568 Mortality, may by Act of Parliament be
560 567 1927 684 associated into one Province or Line of Communication
563 665 1575 780 for relief of the Poor.
649 759 1927 879 2. That there be one Assembly of men
572 854 1920 953 (and such as they shall from time to time
591 965 1920 1060 appoint and deputise) entrusted with
567 1056 1915 1171 the care for, and measure of all the Poor
572 1159 1924 1268 within the said Pale or Line of Communication.
682 1341 1918 1460 3 That the said Assembly be incorporated
563 1439 1915 1558 by Act of Parliament, with perpetual
572 1563 1915 1652 Succession, by the name of Fathers of the
577 1630 1879 1750 Poor, or some other honourable and
579 1733 1055 1833 significant Title.
661 1824 1906 1937 4. That all Constables, Church-wardens,
567 1925 1906 2044 Overseers, or other Officers in all Parishes,
575 2025 1906 2113 within the said Line, be subordinate and
570 2119 1876 2236 accomptable to the said Father of the Poor
570 2216 1900 2332 and their Deputies for, and in all things relating
563 2313 1128 2427 to the Poor.
656 2403 1903 2542 5. That the said Fathers of the Poor may
567 2508 1905 2628 have liberty to assess and receive into their
563 2607 1894 2733 common Treasury, for relief of their
567 2702 1905 2829 Poor, so much Money from every Parish
567 2801 1906 2935 as they yearly paid to that purpose any of the
558 2899 1905 3012 three Years preceding this Constitution, and
1832 3059 1906 3091 to
