2479 3508
1411 352 1515 470 (8)
414 801 613 930 Quest.
404 1025 645 1159 Answ.
529 1674 611 1761 I.
742 432 2231 581 yet he hath given us hearts to overlooke them
738 563 2078 673 all, as if we were carried upon eagles wings.
826 636 2236 768 And thirdly, see God making roome for us
742 706 1515 828 by some lawfull meanes.
826 770 2207 904 But how shall I know whether God hath appointed
746 874 2222 993 me such a place, if I be well where I am,
757 949 1789 1040 what may warrant my removeall?
833 1018 2222 1154 There be foure or five good things, for procurement
742 1118 2231 1198 of any of which I may remove. Secondly,
742 1183 2225 1310 there be some evill things, for avoiding
751 1273 2222 1364 of any of which wee may transplant our selves.
757 1344 2222 1450 Thirdly, if withall we finde some speciall providence
749 1429 2225 1532 of God concurring in either of both concerning
747 1521 2233 1646 our selves, and applying general grounds
753 1595 1817 1683 of removall to our personall estate.
842 1659 2244 1785 First, wee may remove for the gaining of
757 1750 2236 1845 knowledge. Our Saviour commends it in the
762 1828 2225 1938 Queene of the South, that she came from the utmost
757 1910 2236 2028 parts of the earth to heare the wisdome of
753 1987 2236 2099 Salomon: Matth. 12. 42. And surely with him
749 2063 2246 2195 she might have continued for the same end, if her
760 2169 2084 2266 personall calling had not recalled her home.
841 2236 2236 2328 Secondly, some remove and travaile for
768 2300 2244 2421 merchandize and gaine-sake; Daily bread may be sought
753 2391 2242 2512 from farre, Prov. 31. 14. Yea our Saviour approveth
775 2464 2236 2551 travaile for Merchants, Matth. 13. 45, 46.
768 2548 2235 2628 when hee compareth a Christian to a Merchantman
768 2620 2244 2719 seeking pearles: For hee never fetcheth a
760 2721 2248 2824 comparison from any unlawfull thing to illustrate
768 2781 2244 2878 a thing lawfull. The comparison from the
760 2868 2246 2969 unjust Steward, and from the Theefe in the night,
772 2960 2251 3044 is not taken from the injustice of the one, or the
2076 3029 2253 3131 theft
