2479 3508
1038 387 1248 530 [19]
380 488 1900 631 said or offered in that Light, carries no Weight with
380 603 1896 679 it, unless the Person be known to have (what is call'd)
389 662 1900 755 Interest at Court, or a sufficient weight of Gold
393 744 1908 843 Ballast in his Pockets; for to another Person, so
380 828 1913 921 many Obstacles lie in his way, such as Difficulties of
383 895 1902 984 Access to proper Persons in Power, Loss of Time
387 977 1896 1057 in attempting it, besides some Expences extraordinary
387 1053 1915 1133 upon every such Occasion; that it is Odds of
385 1127 1908 1230 Twenty to One against him, if ever he can obtain
387 1202 1887 1309 an Audience; and after all may be dismissed perhaps
380 1270 1904 1370 with a Curia avisare, and so never hear of it
378 1352 1908 1463 more, or else be told, that it is an Affair already in
387 1436 1896 1536 Hand, and so the Scheme is father'd upon some
389 1505 1906 1608 Favourite or other, who never heard it before. These
387 1574 1896 1671 Considerations have prevailed with me to offer my
389 1658 1904 1745 Thoughts in this Manner, and that a prejudic'd
389 1742 1904 1845 Notion of Self-Interest may have no Room to be
389 1808 1904 1919 objected to my Design, which, in this Shape, must
383 1896 1902 1991 evidently appear to be calculated for the Benefit of
383 1969 1446 2049 my Fellow-Subjects of Great-Britain.
458 2024 1896 2140 It is apparent from the Course of Navigation from
374 2119 1900 2230 the West-Indies to Europe (as already described) that
380 2196 1881 2287 if our Ships, after their Departure from Jamaica,
387 2278 1896 2356 were secure of some safe Harbour or Ports by the
389 2341 1900 2457 way of the Windward-Passage, and the Gulf of Florida,
372 2421 1896 2524 to put into, either to refit, refresh, or shelter
380 2516 1906 2598 themselves from bad Weather, or from the Pursuit
383 2569 1900 2657 of Enemies; that the Conveniency of such Ports
387 2655 1902 2777 or Harbours must certainly prevent the Capture, and
1835 2777 1898 2809 in
