3508 2479
368 112 493 194 130
683 95 1072 188 Of Canzonets.
1285 95 1566 186 Booke ll.
353 188 1313 285 Away I wast with reares by night in vaine,
355 292 1492 364 Teares, sighes by night, by day encrease this paine.
306 414 1382 488 Mine eyes no eyes, but fountaines of my teares,
319 473 1475 562 My teares no teares, but floods to moyst my heart:
319 539 1306 621 My heart no heart, but labour of my feares,
319 617 1355 689 My feares no feares, but feelings of my smart.
361 676 1562 740 My smart, my feares, my heart, my teares, mine eies
361 746 1532 805 Are blinde, dride, spent, past, wasted with my cries.
338 833 1501 924 And yet mine eies, though blind, see cause of griefe,
334 911 1613 989 And yet my teares, though dride, runne downe amaine:
338 974 1425 1046 And yet my heart, though spent, attends reliefe.
338 1040 1488 1122 And yet my feares, though past, encrease my paine.
385 1099 1380 1173 And yet I live, and living feele more smart,
395 1184 1461 1264 And smarting, cry in vaine, breake heavy heart.
628 1368 1321 1463 XXXII. CANZONET.
744 1433 1201 1532 Desires gouernment.
499 1564 1220 1653 WHere wit is over-ruld by will,
558 1638 1245 1733 And will is led by fond desire,
368 1699 1150 1788 There reason were as good be still,
368 1761 1105 1841 As speaking, kindle greater fire,
410 1826 1270 1915 For where desire doth beare the sway,
416 1896 1224 1978 The heart must rule, the head obay.
380 2004 1251 2095 What bootes the cunning Pilots skill,
380 2078 1321 2181 To tell which way to shape their course:
1486 2131 1680 2219 When
1661 55 1917 140 Booke II.
2014 49 2374 144 Of Canzonets.
1678 152 2524 237 When he that steers will have his will,
1661 226 2532 304 And drive them where he list pe force.
1693 285 2517 355 So reason shewes the truth in vaine,
1699 353 2604 435 Where fond desire as King doth raigne.
1947 526 2668 619 XXXIII. CANZONET,
2071 674 2465 778 Lones properties.
1676 810 2731 884 TWixt heat and cold, t'wixt death and life,
1712 850 2562 953 I freeze and burne, I live and die:
1687 936 2575 1029 Which ioyntly worke in me such strife,
1674 1006 2308 1072 I live in death, in cold I fry.
1723 1053 2583 1154 Nor hot, nor cold, nor live, nor dead,
1721 1133 2503 1228 Neither, and both, this life I lead.
1687 1243 2456 1338 First burning heate sets all on fire,
1697 1319 2479 1412 Whereby I seeme in flames to fry:
1697 1391 2471 1456 Then cold despaire kils hot desire,
1699 1450 2522 1528 That drenched deepe, in death I lye.
1723 1516 2653 1587 Heate driues out cold, and keepes my life,
1729 1579 2619 1685 Cold quencheth heate, no end of strife.
1699 1702 2439 1788 The lesse I hope to have my will,
1708 1780 2458 1860 The more I feele desire encrease,
1706 1841 2376 1917 And as desire encreaseth still,
1712 1898 2541 1983 Despaire to quench it doth not cease.
1742 1968 2556 2050 So live I as the Lampe, whose light
1748 2025 2767 2148 Oft comes, oft goes, now dim, now bright.
2820 2057 2995 2164 Living
2266 2099 2403 2188 K 2
