2479 3508
1312 606 1518 731 [ 20 ]
675 693 2203 816 can be considered only as reformed Officers, without any
669 798 2210 881 Command in their Parish, unless in Martial Law, when they
679 862 2197 935 might be appointed on the Staff: the Colonels, when promoted,
675 931 2203 993 should therefore preserve the Command of their Regiments,
681 983 2201 1058 and they need not be recommended to the Commander-in-Chief,
675 1045 2203 1137 as he will be the best Judge of their Merits,
681 1097 2112 1200 from their Conduct and Character in their Parishes.
744 1195 2213 1289 Could such Alteration be effected in the Promotion of
687 1256 2213 1354 the Militia, then would the Exertions of a free People be
685 1345 2212 1425 distinguished in this Part of the Constitution, System be
673 1402 2218 1501 preserved, and Men be led and commanded by Officers of
690 1492 1181 1528 their own Choice!
