2479 3508
1065 330 1460 436 WEST INDIES.
1824 331 1956 453 179
596 465 1951 546 and suddenly to abolish the existence of the commerce
591 546 1951 620 would not be productive of real disadvantages,
603 629 1960 727 in place of effecting the end desired by those
599 711 1951 788 who are eager for such strong and speedy measures?
599 783 1960 876 For solving this important question, we must take
594 872 1960 941 into view, not only the situation of the slaves in
594 945 1889 1025 Africa, but of those already in the West Indies.
658 1013 1955 1115 In the first place, It is false reasoning to suppose
596 1097 1960 1170 that Britain, withdrawing her share from the general
591 1183 1956 1264 demand, will effect a decrease of the quantity
599 1262 1967 1338 brought to the market; for although in other kinds
587 1341 1956 1427 of commerce the supply is generally regulated by
596 1432 1963 1508 the demand, yet in this instance the rule will not
594 1506 1967 1585 hold. When two African states are at war, the
599 1580 1967 1659 captives are dealt with in proportion to their strength
603 1657 1967 1740 and appearance. The old and infirm are massacred
599 1733 1968 1827 on the spot; such as are able to travel a long
606 1829 1972 1913 journey are led to the sea-coast, and of these all
599 1903 1963 1977 who are rejected are immediately put to death.
608 1972 1972 2058 From this it appears, that were Britain to withdraw
594 2059 1972 2143 her demand, there would be left a superabundance
603 2138 1967 2226 of about 38,000 every year, who, unless bought up
603 2216 1972 2301 by other nations, must inevitably be sacrificed to
599 2291 1968 2377 the disappointed avarice of the black trader. Instances,
599 2372 1980 2456 indeed, of this barbarous practice are so
599 2465 1963 2530 numerous, that they have been frequently perpetrated
598 2538 1967 2614 in sight of our own shipping; so that in this
599 2619 1968 2690 case the remedy becomes abundantly more horrible
598 2686 1164 2810 than the disease.
665 2774 1972 2873 Secondly, Let an unprejudiced mind reflect upon
599 2872 1975 2961 the situation of the remaining negroes, in the West
1424 2944 1561 3047 Z ij
