2479 3508
132 547 262 667 368
397 545 841 640 Wits Common
947 527 1174 642 Part. 2.
189 649 1172 752 As the Æthiope cannot change his
117 731 1172 824 skin, nor the Leopard alter his hew; &
124 799 1180 886 as it is not possible to gather Grapes
126 887 1167 958 of Thornes, or Figges of Thistles: so it
133 956 1171 1044 is to no purpose to force any thing to
126 1032 731 1140 strive against Nature.
207 1100 1171 1212 As in tilling of the ground and
128 1176 1180 1264 husbandrie, there is first chosen a firtile
126 1252 1181 1353 soile, then a cunning sower, then good
135 1344 1181 1420 seed: even so we must compare Nature
135 1411 1181 1503 to the fat earth, the expert husbandman
133 1488 1181 1566 to the Schoolemaster, the faculties and
133 1560 828 1649 sciences to the pure seeds.
197 1634 1180 1728 As the fertill soile if it be never tilled
142 1708 1178 1798 doth wax barren: so that which is most
139 1788 1178 1889 noble by nature, is made most vile by
152 1872 503 1977 negligence.
224 1921 1189 2024 As the Torch turned downeward is
152 2015 1194 2096 extinguished with the selfe same waxe,
161 2089 1189 2188 which was the cause of his light: so
161 2159 1207 2264 Nature turned to unkindnesse is
161 2237 1198 2350 quenched by those meanes it should
161 2307 1198 2403 bee kindled, leaving no branch of
157 2397 1198 2491 love, where is found no roote of
152 2480 420 2552 humanitie.
978 2679 1198 2781 Newes.
1272 545 1484 662 Part. 2.
1640 541 1917 642 Wealth.
2181 543 2327 662 369
1634 709 1898 828 Newes.
1273 812 2320 895 AS Cookes wish for a plentifull
1275 891 2323 972 breed of cattell, and fishers of
1270 967 2318 1052 fishes: so busie brained innovaters doe
1275 1046 2314 1135 hunt after newes, and innovation in
1273 1124 1575 1218 states. Plut.
1333 1180 2314 1281 As wee set up meate from cats and
1275 1284 2320 1376 dogges: so we must take heed, what we
1282 1353 2309 1454 speake before newes mongers, and insinuating
1279 1425 2082 1531 intelligencers. idem.
1364 1494 2311 1607 As our bodies are more indangered
1284 1596 2320 1690 by the Spring, & in Autume, by reason
1291 1659 2314 1764 of change: so all noveltie doth offend
1288 1735 2109 1811 and hurt the common-wealth.
1346 1798 2320 1910 As change of meate, drinke and aire
1291 1883 2320 1979 doth offend, albeit it be into like,
1291 1966 2314 2038 or into better: so it is better still to
1297 2049 2329 2137 retaine our old Princes and Magistrates,
1291 2114 2314 2220 then to gape for new, because all innovation
1291 2190 2329 2307 is full of danger and disturbbance.
1351 2329 2336 2444 As Apion called Homer from the
1293 2419 2330 2504 dead, for none other cause, but to know
1284 2498 2338 2594 from what parentage he was descended:
1291 2565 2341 2673 so many take great paines, and bestow
1291 2644 2356 2745 much cost, onely to heare newes, and
1282 2709 2269 2821 know novelties. Plin. lib. 30. cap. 2.
2219 2801 2365 2884 Re
1849 2794 2006 2906 R 5.
