2479 3508
1329 154 1518 293 210
656 305 2208 455 principle of irritability in a much greater degree
649 434 1760 555 than any other muscle of the body.
725 627 2186 729 The pulse is quicker in young than in old subjects,
649 727 2196 821 because the former are more irritable than
639 821 2192 920 the latter; upon which principle it is, that the
645 918 2180 1016 pulse is continually quicker in weak than in robust
641 1008 2210 1116 persons*. In a new-born infant the pulse-is
635 1108 2198 1215 about 134 in a minute; in middle age from 60
643 1205 2198 1336 to 80; in extreme old age from 50 to 24. In
643 1303 2186 1411 Greenland, the body is exposed, during long
641 1403 2194 1499 winters, to such cold, that the pulse is reduced
627 1487 1649 1618 to 40 or 50 strokes in a minute.
717 1690 2186 1809 To the circulation of the blood, rightly and
627 1794 2180 1889 equally performed, we are indebted for life,
631 1872 2184 1983 health, and at last gradual decay. But if by any
617 1977 2190 2079 means the blood in its rotatory motion should be
625 2079 2176 2182 impeded or disturbed, it will become the fruitful
629 2171 2182 2280 cause of diseases and death. So long as the blood
619 2282 2176 2382 and humours of the body are in circulation, life
684 2473 2178 2585 * The pulse is not affected by electricity, unless by the impulse
627 2587 2178 2663 of shocks, or the irritation of sparks; yet Cavallo and
625 2663 2171 2763 others have asserted to the contrary; but later and more accurate
617 2737 2182 2815 experiments have decided that the pulse is not in the least
621 2808 2173 2895 influenced either by negative or positive electricity. Mr. Wilkinson,
621 2888 2176 2999 from repeated trials, never observed any increase in the
621 2970 1889 3071 circulation, See Note to page 199. on this subject.
1960 3028 2176 3146 exists,
