2479 3508
1915 358 1991 388 [5
448 291 1970 389 our duty to contribute our share; and to act from conscience,
451 370 1974 453 as we should in similar cases from feeling and inclination.
520 429 1975 491 For instance: Let us suppose the Algerines to establish sugar
467 490 1979 562 plantations, and resort to the banks of the Thames for slaves.
457 541 1979 606 Suppose our wives, our husbands, our children, our parents, our
455 600 1972 669 brethren, swept away, and the fruit of their labour, produced
463 657 1979 714 with agonizing hearts and trembling limbs, landed at the port of
461 712 1977 777 London. What would be our conduct? Should we say, "Sugar
461 775 1974 850 is a necessary of life: I cannot do without it. Besides the quantity I
461 832 1974 892 use is but small: and though it be very criminal in the Algerines to
463 884 1979 951 enslave others, I am not bound to look to the nature or consequence of the
461 941 1974 1010 transaction. Paying for the sugar, I have a right to consume it, how
461 1000 1989 1080 ever it may have been obtained." If such would be our language in
461 1059 1989 1139 that case, be it so on the present occasion. For let us recollect that
463 1118 1541 1179 in both cases the enslaved are our brethren.
518 1168 1979 1234 And let us only suppose an Englishman were to receive injuries,
461 1229 1979 1295 that bore but the slightest resemblance to those daily committed
461 1288 1979 1364 in our islands, the nation would be inflamed with resentment,
461 1341 1987 1408 and clamorous to avenge the injury. And can our pride
469 1402 1981 1469 suggest, that the rights of men are limited to any nation, or to any
467 1457 1989 1524 colour? Were any one to treat a fellow creature in this country
469 1520 1993 1581 as we do the unhappy Africans in the West-Indies; struck
476 1574 1989 1640 with horror, we should be zealous to deliver the oppressed, and
478 1625 1983 1703 punish the oppressor. Are then the offices of humanity and functions
476 1690 1983 1745 of justice to be circumscribed by geographical boundaries?
478 1741 1987 1812 Can reason, can conscience justify this contrast in our conduct,
469 1796 1993 1878 between our promptitude, in the one case, and our torpor in the
467 1855 1989 1913 other?—Mr. Addison justly observes, that "humanity to become
469 1916 1995 1974 estimable must be combined with justice." But we seem to
472 1974 1998 2035 act as if we thought, that the relief of our fellow creatures, and
478 2035 1987 2103 protection from injuries, were works of supererogation; to be
488 2088 1947 2166 granted or with-held, as caprice, or inclination may suggest.
530 2137 1985 2206 After the important considerations adduced, it might be reckoned
472 2198 1979 2271 a degradation of the subject to mention the national dignity;
478 2252 1993 2324 or even that might induce us to counteract a powerful body
482 2313 1987 2379 of men, who are trampling under foot, the dictates of humanity,
482 2372 1995 2440 and the interest of the nation: men, who have received for
476 2427 1995 2497 sugar alone, above a million per ann. more than it would have
478 2486 1995 2558 cost at other markets. From Mr. Botham's evidence it appears,
478 2547 1987 2614 that in Batavia, where labour is as high as in England, sugar equal
478 2597 2000 2671 to the best West-India, is sold at 1d 1/2 per pound. These are
478 2657 2000 2717 the men who are calling on us to aid the operation of their whips
472 2715 1995 2787 by the terrors of our bayonets; and to misapply the public treasure
476 2770 1995 2833 to support individuals in violating every principle of law
478 2827 1983 2899 and justice, and to defend them in the most dreadful tyranny
482 2886 1998 2962 over half a million of persons, born in islands, which, when it
480 2949 1995 3016 serves their purpose they pretend to be ours; but of which they
478 3000 1995 3071 have virtually usurped the sovereignty: and have the audacity
472 3065 1998 3124 to tell the British legislature, "That they cannot abolish the slave
467 3118 1989 3197 trade; for that if England refuses to furnish them with slaves,
