3508 2479
620 91 1363 188 The Epistle Dedicatory.
346 203 1676 284 violent? and on the contrary, upon the kind Aspects of
340 262 1683 345 the Sun, Jupiter, and Venus, they be not more gentle,
346 351 1683 410 mild, and refrigerating? and also, Whether the arising
351 393 1690 476 of your Pleiades, Hyades, and Constellated Eagle, &c.
361 464 1691 556 (chiefly when any eminent Conjunction or Aspect falls in
348 535 1503 612 with them) do not certainly induce Moisture?
415 617 1695 661 I beseech you (my honoured and worthy Friends) to
346 684 1690 731 take some notice of these matters, which you may easily
355 755 1683 805 do, by keeping a Diary of the Weather; as also of the
358 800 1693 868 Effects of your Vernal Ingresses, (which I intend, God
356 866 1676 970 permitting me Life, once a Year to present you withal;)
358 928 1690 1021 and pray ye also observe, together therewith, the Transits,
351 1012 1680 1078 Conjunctions, &c. of the Planets over the prime parts of
358 1073 1693 1153 your Islands Palladium, or Genesis; that they may be
361 1128 1688 1217 preserved by your generous Communication, as well for
351 1199 1688 1269 the advance of Truth in Science, as advantage of your Selves
346 1268 837 1347 and Country.
417 1327 1693 1395 Thus, worthy Friends and Countrymen, wishing you
351 1399 1690 1474 all Happiness, and, as so many successful Columbus's,
355 1463 1690 1527 to encrease as well in your Acquaintance with the Influences
356 1532 1696 1599 of the glorious Diamonds of Heaven, as in the Gold
351 1601 1683 1681 and Treasure of the Indies; which (if St. Paul may
351 1664 1703 1727 be credited, Rom. 1.19.) will lead ye certainly unto an
348 1728 1686 1794 enjoyment of that Immortal Treasure, of which Saints
355 1801 1543 1870 and Angels partake in Heaven — I remain,
817 1927 1690 2019 To your Honoured Selves, and to the
913 2001 1611 2066 Truths of Astrologie, a Real
994 2063 1421 2147 Servant, whilst,
1002 2187 1537 2292 John Gadbury.
355 1999 753 2083 Brick-Court, by
351 2066 763 2147 the Deans-Yard,
361 2135 672 2213 Westminster.
1579 2334 1690 2413 The
1750 281 3087 409 The Names of the several GOVERNOURS
1841 360 3090 486 of JAMAICA, since the taking thereof
1844 462 2700 587 by the English, Anno 1655.
1812 620 3109 770 1. The Honourable Col. D'Oyley, was Governour
2039 678 3080 772 thereof, first after its being taken.
1851 805 3127 918 2. The Right Honourable the Lord of Windsore,
1791 903 2433 995 was Governour thereof.
1868 1015 3139 1145 3. The Honourable Sir Thomas Modyford, Knight
1797 1091 3130 1185 and Baronet, was Governour of this Noble Island;
1802 1133 3141 1254 And He it was that commanded a general Surveigh
1807 1219 3146 1318 to be taken of it, at his own Charge; and under him
1809 1296 2577 1404 it began eminently to flourish.
2001 1419 3156 1518 4. The Honourable and Valiant Sir Thomas
1821 1471 3161 1592 Lynch, Knight, succeeded Sir Thomas Modyford, and
1821 1547 3166 1658 is the present Governour thereof; and under him
1819 1634 2998 1722 hath this gallant Country happily improved.
1844 1750 3169 1861 In my next years Book, I shall (God permitting)
1975 1791 3178 1915 give you a more ample Chronology of
1977 1858 3176 2002 the Remarkables relating to this Noble Island;
1984 1950 3171 2051 together with an Account of the Commodities,
1982 2026 2532 2134 and growth thereof.
2983 2271 3210 2349 A Table
