2479 3508
964 176 1213 265 [ 13 ]
299 295 1860 390 or exercised a power over the liberty of another,
315 388 1866 465 without having made full and impartial enquiries whether
315 465 1882 562 that liberty is justly forfeited, and is also justly at
305 552 1872 643 the disposal of the seller; or without being convinced
315 643 1870 730 in his conscience that the fact is so; whoever detains the
323 754 1874 843 slave in bondage directly or indirectly a moment after
311 823 1872 906 that conviction has been done away; or a moment
311 918 1866 1011 after the conclusion of the time for which the slavery
311 999 1872 1094 may justly be continued; whoever does not faithfully
317 1088 1878 1164 discharge the duties of a master, or transfers his slave to
315 1177 1882 1253 another whom he does not think likely to discharge
321 1260 1876 1348 them, commits in each of these cases a flagrant sin
317 1350 1878 1435 against God; and in most of them as flagrant an act
315 1439 886 1539 of injustice to man.
315 1674 1878 1805 The requisites necessary to reconcile a state of Slavery
384 1781 1872 1894 with justice, applied to the mode of purchasing
378 1878 1636 1989 Slaves on the Coast of Africa.
366 2062 1878 2165 Now are any of the indispensable requisites to the
317 2159 1872 2260 acquisition of a just title to a slave scrupulously attended
321 2244 1882 2331 to on the coast of Africa? Are any of them,
317 2333 1890 2404 except the honest payment of the price, attended to
315 2412 1882 2517 at all? Does the purchaser make a conscientious inquiry,
321 2511 1888 2578 or any inquiry whatever, into the fundamental
311 2604 1894 2675 points, whether the liberty of him who is exposed
317 2679 1888 2756 to sale be justly forfeited, and also be justly at the
315 2766 1900 2869 disposal of the seller? Can he, who has bought a
309 2853 1890 2958 thousand slaves, point out any five of them with
305 2940 1896 3020 respect to whom he has sufficient reason to believe
1763 3031 1902 3109 this
