2479 3508
1261 215 1441 366 ( 48 )
686 321 2067 471 nimble Vessels which infested Us ; and
695 456 2058 542 even such as they were, the Commanders
695 535 2067 631 had given me Notice, that they had
679 620 2072 726 received Orders to return to Britain, as
683 700 2063 800 soon as their Provisions were reduced,
698 783 2067 880 which was very near. Nor had I any
695 866 2063 963 Notice that they were to be relieved by
698 960 2067 1029 any other Ships, as in Fact it afterwards
691 1027 2072 1131 happen'd they were not; but the Island
695 1111 2058 1195 was left for several Months without any
698 1188 1580 1282 Man of War for its guard.
781 1277 2067 1367 These were our Circumstances when
695 1353 2067 1441 that unnatural Rebellion broke out, which
691 1438 2058 1552 it was reasonable to suppose, employed
691 1514 2072 1615 the whole Thoughts and Attention of
688 1601 2072 1684 the Ministers. And We could have little
695 1675 2067 1791 Expectation of Ships sufficient to protect
705 1760 2067 1859 Us, or a due Notice taken of our Affairs,
688 1856 2072 1940 till that was quelled, on which our All
703 1923 1041 2036 depended.
771 2017 2082 2105 I thought it my Duty in the mean
703 2086 2070 2171 Time, to provide the best I could for the
698 2169 2069 2263 Safety of Trade and Commerce in those
698 2257 2076 2348 Parts ; Precedents were brought Me of
695 2342 2072 2419 the like Commissions having been granted
695 2412 2062 2524 by Sir William Beeston, and others, My
707 2493 2060 2580 Predecessors. The Application was general,
695 2576 2067 2677 and made even by some of the very
698 2659 2070 2758 Persons, who have since been my Judges
703 2763 2070 2850 and Prosecutors. I took Advice of the
698 2827 2067 2959 most able in the Law, and the most proper
