2479 3508
922 303 1130 425 (37)
201 386 1967 506 That as to the Virginia Trade, which brings greatest Advantage to his
143 492 1962 569 Majesty, the Merchants of Ireland are in a manner wholly cut off from
146 566 1969 629 that Trade, except they will drive it to the utter Ruin of the Kingdom.
143 629 1955 707 (which they resolve not to do) For neither Provision, nor Horses will
141 670 1962 767 go off at Virginia, nor are Servants to be had to such numbers as to enable
139 747 1969 816 that Trade; And the Export of their Manufacture is prohibited.
143 809 1967 892 So that if they will drive that Trade, they must do it with Cash, and
143 864 1978 952 turn all the little Money they have into Smoak, or be at the excessive
136 931 1967 1038 charge, double hazard and expence of time, to come unto, and return
136 992 1971 1079 through England with that (as all other Plantation Commodities)
143 1059 1969 1142 which hath occasioned frequent loss of Seasons, and of Ships and Cargo's
148 1121 1978 1213 to the loss of the Duty to his Majesty, and Ruin of many Merchants,
146 1186 1981 1294 as they made appear in very many deplorable Instances, too long to be
141 1243 495 1350 here inserted.
210 1294 1967 1378 They say, That whereas by an Act of the 25. Car. 2. For better securing
148 1364 1974 1465 the Plantation Trade, It is Enacted, That if any Ship or Vessel,
155 1440 1983 1521 which by Law may Trade in any of the Plantations, shall come to take
146 1505 1985 1579 on board any Plantation Commodities, and that Bond shall not be first
155 1567 1974 1657 given, with sufficient Surety to bring them to England, Wales, or Barwick,
143 1636 1985 1713 That there shall be paid there on white Sugars 5 s. per Cent. on
148 1694 1971 1766 Muscovados 8 d. per Cent. on Tobacco 1 d, per Pound, &c. which afforded
150 1759 1978 1849 some ease to the distressed Merchants of Ireland in returning, without
146 1824 1988 1904 being necessitated to come to England to enter. Yet that door also
143 1884 1983 1976 hath been shut against Ireland by the Artifice of the Arbitrary Commissioners
150 1946 1978 2034 of the Customs in England. For contrary to the plain Import of that Law,
148 2015 1990 2096 There was a Ship of England which paid that Duty in the Plantations, seized
155 2071 1985 2161 and condemned, under pretence that that Act was only intended for the Trade
148 2143 2008 2263 between Plantation and Plantation, although there is nothing in the Act that
157 2203 1086 2316 gives Countenance to that Construction.
220 2258 1985 2346 That tho' the Manufactures of Ireland are few, and that the most considerable
155 2316 1997 2420 of them is Linnen, which interferes not with the Manufacture
157 2406 2006 2480 of England, and that the quantity exported in times of Free Trade to
155 2450 2002 2554 the Plantations was but small, yet the Sustenance of a good number of
157 2515 2002 2605 the most necessitious of their People depended wholly on that little, and
157 2579 1992 2709 that they cannot subsist barely by Air, more than the People of England.
224 2669 2011 2787 That by reason of the easiness to subsist in Ireland, the Restraints on
166 2773 1995 2852 Trade, the difficulty, if not impossibility (now) to grow rich by
176 2829 2002 2926 Trade, and the cheapness of Land; Merchants are inclined to purchase
159 2891 2006 2995 rather than Trade. That from hence; and the mean way of living of
164 2972 2008 3049 the Natives, paucity of Inhabitants, little demand of the Native Commodities
159 3016 2002 3159 in Forreign Markets, the want of any peculiar Commodity,
1925 3099 2008 3180 as
