<?xml version='1.0' encoding='UTF-8'?>
<PcGts xmlns="http://schema.primaresearch.org/PAGE/gts/pagecontent/2013-07-15" xmlns:xsi="http://www.w3.org/2001/XMLSchema-instance" xsi:schemaLocation="http://schema.primaresearch.org/PAGE/gts/pagecontent/2013-07-15 http://schema.primaresearch.org/PAGE/gts/pagecontent/2013-07-15/pagecontent.xsd">
    <Metadata>
        <Creator>prov=READ-COOP:name=TrHtr:version=2.33.0:model_id=356425:date=09_10_2025_21:13</Creator>
        <Created>2025-10-02T01:44:33.716+02:00</Created>
        <LastChange>2025-10-27T17:50:55.268+01:00</LastChange>
        <TranskribusMetadata docId="11168119" pageId="104051463" pageNr="68" tsid="258989317" status="GT" userId="284857" imgUrl="https://files.transkribus.eu/Get?id=BMXORESHPPRGXFPMSUTGNBTE&amp;fileType=view" xmlUrl="https://files.transkribus.eu/Get?id=TLJVWFDDOYNTHEZLUXCDVHDF" imageId="87046342" />
    </Metadata>
    <Page imageFilename="11168119_0068_104051463.jpg" imageWidth="3508" imageHeight="2479">
        <ReadingOrder>
            <OrderedGroup id="ro_1761586546226" caption="Regions reading order">
                <RegionRefIndexed index="0" regionRef="r_5" />
                <RegionRefIndexed index="1" regionRef="r" />
                <RegionRefIndexed index="2" regionRef="tr_1" />
                <RegionRefIndexed index="3" regionRef="r_7" />
                <RegionRefIndexed index="4" regionRef="r_1" />
                <RegionRefIndexed index="5" regionRef="r_6" />
                <RegionRefIndexed index="6" regionRef="r_3" />
                <RegionRefIndexed index="7" regionRef="r_2" />
                <RegionRefIndexed index="8" regionRef="r_4" />
            </OrderedGroup>
        </ReadingOrder>
        <TextRegion id="r_5" custom="readingOrder {index:0;} structure {type:page-number;}">
            <Coords points="261,135 381,135 381,201 261,201" />
            <TextLine id="tr_1_tl_1" custom="readingOrder {index:0;}">
                <Coords points="285,188 294,188 307,196 328,195 335,188 343,195 372,191 372,131 360,128 348,131 326,154 312,142 297,152 285,152" />
                <Baseline points="295,182 322,180 349,180 376,182" />
                <TextEquiv>
                    <Unicode>16</Unicode>
                </TextEquiv>
            </TextLine>
            <TextEquiv>
                <Unicode />
            </TextEquiv>
        </TextRegion>
        <TextRegion id="r" custom="readingOrder {index:1;} structure {type:heading;}">
            <Coords points="714,130 1205,138 1205,221 711,206" />
            <TextLine id="tr_1_tl_2" custom="readingOrder {index:0;}">
                <Coords points="727,188 751,203 891,193 968,219 1009,220 1028,201 1182,212 1199,203 1199,164 1139,150 1127,161 1095,135 1024,155 970,154 948,135 919,154 898,140 796,150 772,128 726,147" />
                <Baseline points="737,185 762,187 788,188 814,188 840,188 866,188 892,189 918,191 944,191 970,191 995,191 1021,192 1047,194 1073,194 1099,194 1125,196 1151,197 1177,197 1203,200" />
                <TextEquiv>
                    <Unicode>Concerning Aliens</Unicode>
                </TextEquiv>
            </TextLine>
            <TextEquiv>
                <Unicode />
            </TextEquiv>
        </TextRegion>
        <TextRegion orientation="0.0" id="tr_1" custom="readingOrder {index:2;} structure {type:paragraph;}">
            <Coords points="263,209 230,2226 1618,2325 1642,240" />
            <TextLine id="tr_1_tl_3" custom="readingOrder {index:0;}">
                <Coords points="270,244 1643,297 1639,242 268,220" />
                <Baseline points="280,241 348,243 416,244 484,247 553,247 621,249 689,250 757,253 826,254 894,256 962,260 1030,262 1099,263 1167,267 1235,269 1303,273 1372,275 1440,277 1508,281 1576,286 1645,289" />
                <TextEquiv>
                    <Unicode>Sir Peter Killigrew's; I stayed but few hours at Penryn (the Wind being</Unicode>
                </TextEquiv>
            </TextLine>
            <TextLine id="tr_1_tl_4" custom="readingOrder {index:1;}">
                <Coords points="273,304 1634,348 1634,304 271,253" />
                <Baseline points="283,295 350,296 418,298 486,300 554,301 622,303 689,304 757,307 825,307 893,310 961,313 1028,313 1096,316 1164,319 1232,325 1300,327 1367,328 1435,330 1503,335 1571,339 1639,340" />
                <TextEquiv>
                    <Unicode>at Northwest, which was fair to set Sail for Holland,) but went</Unicode>
                </TextEquiv>
            </TextLine>
            <TextLine id="tr_1_tl_5" custom="readingOrder {index:2;}">
                <Coords points="273,352 1641,403 1639,360 1482,338 273,318" />
                <Baseline points="283,346 354,351 426,352 497,354 569,355 640,358 712,358 783,358 855,360 926,362 998,364 1069,367 1141,370 1212,375 1284,377 1355,379 1427,382 1498,385 1570,387 1642,391" />
                <TextEquiv>
                    <Unicode>that night for Falmouth; where I found that my Information was</Unicode>
                </TextEquiv>
            </TextLine>
            <TextLine id="tr_1_tl_6" custom="readingOrder {index:3;}">
                <Coords points="277,410 1284,454 1626,451 1634,406 275,362" />
                <Baseline points="286,400 353,400 421,403 488,403 556,406 624,406 691,409 759,409 827,412 894,412 962,415 1030,418 1097,418 1165,423 1233,424 1300,427 1368,430 1436,433 1503,433 1571,438 1639,442" />
                <TextEquiv>
                    <Unicode>true, and it being Sunday the next day, I intended only to have an</Unicode>
                </TextEquiv>
            </TextLine>
            <TextLine id="tr_1_tl_7" custom="readingOrder {index:4;}">
                <Coords points="275,459 1641,499 1639,456 1400,432 273,413" />
                <Baseline points="283,436 351,447 419,450 487,453 555,453 623,456 691,459 759,459 827,462 895,462 964,463 1032,465 1100,466 1168,470 1236,474 1304,477 1372,478 1440,483 1508,483 1576,489 1645,492" />
                <TextEquiv>
                    <Unicode>Eye upon the Ship, and, on Monday to examine into the Truth of the</Unicode>
                </TextEquiv>
            </TextLine>
            <TextLine id="tr_1_tl_8" custom="readingOrder {index:5;}">
                <Coords points="273,495 1634,548 1632,507 1562,488 273,470" />
                <Baseline points="283,492 350,495 418,498 486,498 554,501 622,504 689,504 757,506 825,507 893,509 961,510 1028,513 1096,513 1164,516 1232,523 1300,525 1367,526 1435,530 1503,531 1571,533 1639,540" />
                <TextEquiv>
                    <Unicode>whole. But on Sunday morning, to my surprize, I was invited to</Unicode>
                </TextEquiv>
            </TextLine>
            <TextLine id="tr_1_tl_9" custom="readingOrder {index:6;}">
                <Coords points="273,555 1643,594 1612,552 1465,538 271,514" />
                <Baseline points="283,543 351,546 419,546 487,545 555,549 623,552 691,555 759,557 827,558 895,558 964,559 1032,564 1100,567 1168,569 1236,573 1304,575 1372,577 1440,581 1508,583 1576,588 1645,588" />
                <TextEquiv>
                    <Unicode>Dinner by Sir Peter; accordingly I waited on him, and after Dinner</Unicode>
                </TextEquiv>
            </TextLine>
            <TextLine id="tr_1_tl_10" custom="readingOrder {index:7;}">
                <Coords points="268,603 1593,666 1636,615 266,572" />
                <Baseline points="277,594 345,596 413,597 481,599 550,600 618,603 686,606 754,609 823,610 891,612 959,613 1027,615 1096,619 1164,621 1232,624 1300,626 1369,628 1437,633 1505,635 1573,642 1642,648" />
                <TextEquiv>
                    <Unicode>he took me aside, and told me divers things relating to that Ship,</Unicode>
                </TextEquiv>
            </TextLine>
            <TextLine id="tr_1_tl_11" custom="readingOrder {index:8;}">
                <Coords points="278,654 1615,707 1636,666 277,618" />
                <Baseline points="286,642 353,648 421,651 489,652 557,654 625,656 692,657 760,662 828,663 896,663 964,666 1031,666 1099,669 1167,674 1235,675 1303,677 1370,678 1438,682 1506,686 1574,690 1642,695" />
                <TextEquiv>
                    <Unicode>which made me very much admire, for that I knew Sir Peter was</Unicode>
                </TextEquiv>
            </TextLine>
            <TextLine id="tr_1_tl_12" custom="readingOrder {index:9;}">
                <Coords points="268,705 1634,756 1632,707 266,678" />
                <Baseline points="277,695 345,698 413,701 481,703 549,704 617,706 685,710 753,710 821,710 889,713 958,714 1026,716 1094,720 1162,722 1230,725 1298,727 1366,729 1434,731 1502,738 1570,740 1639,749" />
                <TextEquiv>
                    <Unicode>not bred a Merchant, and that this Ship in particular was dispatch'd</Unicode>
                </TextEquiv>
            </TextLine>
            <TextLine id="tr_1_tl_13" custom="readingOrder {index:10;}">
                <Coords points="273,751 1612,804 1641,763 271,709" />
                <Baseline points="283,749 351,749 419,752 487,752 555,752 623,755 691,758 759,761 827,761 895,763 964,765 1032,767 1100,770 1168,772 1236,774 1304,778 1372,779 1440,781 1508,786 1576,788 1645,794" />
                <TextEquiv>
                    <Unicode>by Mr. Bryan Rogers a great Merchant in that place: But I soon</Unicode>
                </TextEquiv>
            </TextLine>
            <TextLine id="tr_1_tl_14" custom="readingOrder {index:11;}">
                <Coords points="271,804 1632,850 1631,804 270,763" />
                <Baseline points="280,791 347,795 415,797 483,800 551,800 619,803 686,806 754,806 822,809 890,809 958,812 1025,814 1093,815 1161,818 1229,821 1297,823 1364,825 1432,829 1500,834 1568,838 1636,842" />
                <TextEquiv>
                    <Unicode>found out the meaning of his being so Earnest, and it was this, Sir</Unicode>
                </TextEquiv>
            </TextLine>
            <TextLine id="tr_1_tl_15" custom="readingOrder {index:12;}">
                <Coords points="273,852 1634,900 1632,852 1564,842 271,804" />
                <Baseline points="283,842 350,845 418,845 485,848 553,851 621,853 688,857 756,857 824,857 891,860 959,860 1027,863 1094,866 1162,869 1230,872 1297,875 1365,878 1433,880 1500,884 1568,889 1636,890" />
                <TextEquiv>
                    <Unicode>Peter Killigrew had a little before Built a Key at the Rump end of</Unicode>
                </TextEquiv>
            </TextLine>
            <TextLine id="tr_1_tl_16" custom="readingOrder {index:13;}">
                <Coords points="273,905 1600,963 1626,915 271,864" />
                <Baseline points="283,893 350,896 417,899 485,901 552,904 619,905 687,907 754,909 821,910 889,913 956,913 1023,916 1091,919 1158,922 1225,925 1293,925 1360,928 1427,933 1495,937 1562,940 1630,940" />
                <TextEquiv>
                    <Unicode>the Town of Falmouth, and Houses thereon; which Key he got by</Unicode>
                </TextEquiv>
            </TextLine>
            <TextLine id="tr_1_tl_17" custom="readingOrder {index:14;}">
                <Coords points="268,954 1344,1004 1626,972 266,905" />
                <Baseline points="277,943 344,949 412,952 479,954 547,955 615,957 682,958 750,961 818,961 885,964 953,964 1021,967 1088,967 1156,972 1224,976 1291,978 1359,982 1427,984 1494,988 1562,991 1630,994" />
                <TextEquiv>
                    <Unicode>Friendship to be declared the only publick Key for Shipping and Unloading</Unicode>
                </TextEquiv>
            </TextLine>
            <TextLine id="tr_1_tl_18" custom="readingOrder {index:15;}">
                <Coords points="270,1011 1629,1050 1614,1001 268,956" />
                <Baseline points="280,1000 347,1000 415,1003 482,1003 550,1006 618,1008 685,1009 753,1012 821,1015 888,1015 956,1015 1024,1020 1091,1021 1159,1024 1227,1027 1294,1029 1362,1030 1430,1035 1497,1036 1565,1041 1633,1042" />
                <TextEquiv>
                    <Unicode>of Goods and Merchandize, according to the Act of Frauds</Unicode>
                </TextEquiv>
            </TextLine>
            <TextLine id="tr_1_tl_19" custom="readingOrder {index:16;}">
                <Coords points="268,1059 1612,1105 1620,1059 266,1021" />
                <Baseline points="277,1048 344,1051 412,1051 479,1054 547,1054 614,1059 682,1060 749,1063 817,1066 884,1065 952,1066 1019,1069 1087,1069 1154,1072 1222,1075 1289,1075 1357,1078 1424,1081 1492,1087 1559,1089 1627,1096" />
                <TextEquiv>
                    <Unicode>14 Car. 2. which did belong to that Town and other Ports adjacent,</Unicode>
                </TextEquiv>
            </TextLine>
            <TextLine id="tr_1_tl_20" custom="readingOrder {index:17;}">
                <Coords points="270,1106 1614,1158 1626,1106 268,1065" />
                <Baseline points="280,1093 347,1096 415,1096 482,1101 550,1102 617,1105 685,1105 752,1108 820,1111 887,1111 955,1111 1022,1114 1090,1117 1157,1122 1225,1123 1292,1126 1360,1128 1427,1131 1495,1134 1562,1139 1630,1140" />
                <TextEquiv>
                    <Unicode>(though to that very place it is no more proper, than for all the</Unicode>
                </TextEquiv>
            </TextLine>
            <TextLine id="tr_1_tl_21" custom="readingOrder {index:18;}">
                <Coords points="270,1149 1626,1204 1573,1146 268,1106" />
                <Baseline points="280,1143 347,1144 415,1146 482,1151 550,1152 617,1155 685,1155 752,1158 820,1158 887,1160 955,1161 1022,1166 1090,1170 1157,1172 1225,1173 1292,1176 1360,1179 1427,1181 1495,1188 1562,1191 1630,1194" />
                <TextEquiv>
                    <Unicode>Goods that come into London to be Landed at Ratcliffe) And a</Unicode>
                </TextEquiv>
            </TextLine>
            <TextLine id="tr_1_tl_22" custom="readingOrder {index:19;}">
                <Coords points="261,1195 1557,1255 1619,1219 260,1163" />
                <Baseline points="271,1191 338,1198 406,1200 473,1203 541,1203 608,1208 676,1209 743,1212 811,1212 878,1214 946,1215 1013,1217 1081,1221 1148,1224 1216,1227 1283,1229 1351,1230 1418,1235 1486,1239 1553,1244 1621,1242" />
                <TextEquiv>
                    <Unicode>Merchant dwelling in the Body of the Town, near the Marketplace,</Unicode>
                </TextEquiv>
            </TextLine>
            <TextLine id="tr_1_tl_23" custom="readingOrder {index:20;}">
                <Coords points="270,1260 1626,1308 1624,1258 1252,1231 270,1217" />
                <Baseline points="280,1251 347,1251 415,1254 482,1254 550,1257 617,1259 685,1260 752,1262 820,1263 887,1266 955,1266 1022,1268 1090,1272 1157,1274 1225,1275 1292,1278 1360,1281 1427,1286 1495,1290 1562,1295 1630,1299" />
                <TextEquiv>
                    <Unicode>protested that the Charges of Landing his Goods at that</Unicode>
                </TextEquiv>
            </TextLine>
            <TextLine id="tr_1_tl_24" custom="readingOrder {index:21;}">
                <Coords points="261,1306 1622,1354 1622,1313 260,1258" />
                <Baseline points="271,1296 338,1300 406,1302 474,1304 542,1308 610,1310 677,1311 745,1313 813,1314 881,1316 949,1317 1016,1317 1084,1323 1152,1325 1220,1329 1288,1331 1355,1333 1423,1337 1491,1341 1559,1345 1627,1350" />
                <TextEquiv>
                    <Unicode>Key, and bringing them to his House, cost him as much as the</Unicode>
                </TextEquiv>
            </TextLine>
            <TextLine id="tr_1_tl_25" custom="readingOrder {index:22;}">
                <Coords points="265,1356 1622,1397 1595,1352 263,1308" />
                <Baseline points="274,1347 341,1351 409,1352 476,1354 544,1355 611,1360 679,1361 746,1361 814,1361 881,1364 949,1367 1016,1368 1084,1370 1151,1373 1219,1373 1286,1378 1354,1379 1421,1382 1489,1385 1556,1390 1624,1391" />
                <TextEquiv>
                    <Unicode>Fraight thereof from Plymouth did, (which is about 20 Leagues distant,)</Unicode>
                </TextEquiv>
            </TextLine>
            <TextLine id="tr_1_tl_26" custom="readingOrder {index:23;}">
                <Coords points="261,1404 1608,1453 1620,1404 260,1368" />
                <Baseline points="271,1391 338,1397 406,1400 473,1400 541,1403 609,1405 676,1409 744,1409 812,1409 879,1410 947,1412 1015,1412 1082,1415 1150,1420 1218,1421 1285,1424 1353,1427 1421,1432 1488,1434 1556,1441 1624,1445" />
                <TextEquiv>
                    <Unicode>also the Custom-house &amp;c. was newly settled there, and</Unicode>
                </TextEquiv>
            </TextLine>
            <TextLine id="tr_1_tl_27" custom="readingOrder {index:24;}">
                <Coords points="258,1448 1617,1501 1615,1451 256,1412" />
                <Baseline points="265,1445 332,1445 400,1448 468,1451 536,1451 604,1453 671,1457 739,1457 807,1460 875,1461 943,1463 1010,1465 1078,1466 1146,1471 1214,1475 1282,1475 1349,1479 1417,1481 1485,1485 1553,1487 1621,1493" />
                <TextEquiv>
                    <Unicode>this was the first Ship of any great concern that ever had Unloaded</Unicode>
                </TextEquiv>
            </TextLine>
            <TextLine id="tr_1_tl_28" custom="readingOrder {index:25;}">
                <Coords points="258,1497 1427,1556 1597,1556 1624,1509 256,1468" />
                <Baseline points="268,1496 339,1498 411,1500 482,1502 554,1503 625,1508 697,1508 768,1511 840,1513 911,1515 983,1517 1054,1520 1126,1523 1197,1526 1269,1529 1340,1532 1412,1538 1483,1538 1555,1543 1627,1544" />
                <TextEquiv>
                    <Unicode>at that Key, which had acted so ill, that he doubted it might administer</Unicode>
                </TextEquiv>
            </TextLine>
            <TextLine id="tr_1_tl_29" custom="readingOrder {index:26;}">
                <Coords points="258,1554 1622,1603 1620,1559 1349,1538 258,1520" />
                <Baseline points="268,1550 335,1550 403,1553 471,1555 539,1556 607,1558 674,1559 742,1562 810,1565 878,1568 946,1571 1013,1570 1081,1574 1149,1577 1217,1577 1285,1579 1352,1583 1420,1587 1488,1589 1556,1593 1624,1591" />
                <TextEquiv>
                    <Unicode>new matter of debate, &amp;c. In fine, I promised Sir Peter not</Unicode>
                </TextEquiv>
            </TextLine>
            <TextLine id="tr_1_tl_30" custom="readingOrder {index:27;}">
                <Coords points="256,1602 1617,1660 1583,1603 256,1561" />
                <Baseline points="265,1594 332,1600 400,1600 468,1603 536,1606 604,1608 671,1609 739,1612 807,1615 875,1618 943,1618 1010,1621 1078,1621 1146,1624 1214,1628 1282,1632 1349,1634 1417,1636 1485,1640 1553,1644 1621,1645" />
                <TextEquiv>
                    <Unicode>to act any thing till morning, and then would be as moderate as the</Unicode>
                </TextEquiv>
            </TextLine>
            <TextLine id="tr_1_tl_31" custom="readingOrder {index:28;}">
                <Coords points="265,1655 1591,1718 1607,1667 263,1607" />
                <Baseline points="274,1648 340,1650 407,1651 474,1654 541,1654 608,1658 675,1660 742,1661 809,1666 876,1667 943,1669 1009,1669 1076,1672 1143,1675 1210,1678 1277,1679 1344,1684 1411,1687 1478,1692 1545,1694 1612,1702" />
                <TextEquiv>
                    <Unicode>Case would possibly bear, and Sir Peter promised the Ship, (being</Unicode>
                </TextEquiv>
            </TextLine>
            <TextLine id="tr_1_tl_32" custom="readingOrder {index:29;}">
                <Coords points="256,1704 1622,1755 1620,1716 254,1682" />
                <Baseline points="265,1696 333,1701 401,1702 469,1704 537,1705 605,1708 673,1708 741,1713 809,1714 877,1714 946,1720 1014,1720 1082,1721 1150,1723 1218,1727 1286,1729 1354,1732 1422,1734 1490,1739 1558,1744 1627,1747" />
                <TextEquiv>
                    <Unicode>called the Experiment of London, Henry Sutton Master,) should not</Unicode>
                </TextEquiv>
            </TextLine>
            <TextLine id="tr_1_tl_33" custom="readingOrder {index:30;}">
                <Coords points="251,1754 1578,1807 1612,1757 249,1718" />
                <Baseline points="259,1744 330,1747 402,1748 473,1750 545,1751 616,1756 688,1758 759,1759 831,1762 902,1763 974,1765 1045,1768 1117,1771 1188,1773 1260,1774 1331,1777 1403,1779 1474,1783 1546,1788 1618,1792" />
                <TextEquiv>
                    <Unicode>stir; and so we parted, with intention to meet again next morning:</Unicode>
                </TextEquiv>
            </TextLine>
            <TextLine id="tr_1_tl_34" custom="readingOrder {index:31;}">
                <Coords points="256,1791 1585,1851 1614,1807 254,1755" />
                <Baseline points="265,1789 332,1792 400,1795 467,1796 535,1798 603,1802 670,1803 738,1805 806,1806 873,1808 941,1812 1009,1814 1076,1815 1144,1817 1212,1821 1279,1823 1347,1824 1415,1829 1482,1833 1550,1836 1618,1842" />
                <TextEquiv>
                    <Unicode>On which I went towards my Lodging and in the way met Mr. Daniel</Unicode>
                </TextEquiv>
            </TextLine>
            <TextLine id="tr_1_tl_35" custom="readingOrder {index:32;}">
                <Coords points="253,1844 1615,1907 1612,1849 253,1812" />
                <Baseline points="262,1839 329,1839 397,1842 465,1845 533,1848 601,1850 668,1854 736,1856 804,1857 872,1860 940,1863 1007,1866 1075,1866 1143,1871 1211,1875 1279,1877 1346,1881 1414,1883 1482,1888 1550,1892 1618,1893" />
                <TextEquiv>
                    <Unicode>Shewell the Surveyor, with whom I had some Discourse, and</Unicode>
                </TextEquiv>
            </TextLine>
            <TextLine id="tr_1_tl_36" custom="readingOrder {index:33;}">
                <Coords points="249,1894 1610,1964 1608,1914 1467,1890 249,1866" />
                <Baseline points="259,1890 326,1894 394,1896 462,1901 530,1902 598,1905 665,1908 733,1910 801,1914 869,1914 937,1917 1004,1920 1072,1923 1140,1925 1208,1926 1276,1928 1343,1932 1411,1934 1479,1938 1547,1940 1615,1944" />
                <TextEquiv>
                    <Unicode>then went into my Lodging, being the Sign of the F eece, kept by</Unicode>
                </TextEquiv>
            </TextLine>
            <TextLine id="tr_1_tl_37" custom="readingOrder {index:34;}">
                <Coords points="249,1952 1614,2011 1612,1967 1409,1938 248,1911" />
                <Baseline points="259,1944 330,1946 402,1948 473,1950 545,1953 616,1956 688,1959 759,1962 831,1965 902,1965 974,1968 1045,1971 1117,1974 1188,1977 1260,1977 1331,1980 1403,1983 1474,1989 1546,1991 1618,1998" />
                <TextEquiv>
                    <Unicode>Mr. Dennis Russel, Notary publick, and then Mayor of the Town;</Unicode>
                </TextEquiv>
            </TextLine>
            <TextLine id="tr_1_tl_38" custom="readingOrder {index:35;}">
                <Coords points="249,1998 1610,2051 1610,2011 248,1957" />
                <Baseline points="259,1995 326,1996 394,1998 462,2001 530,2004 598,2007 665,2007 733,2012 801,2013 869,2015 937,2016 1004,2019 1072,2022 1140,2024 1208,2025 1276,2025 1343,2028 1411,2030 1479,2034 1547,2036 1615,2039" />
                <TextEquiv>
                    <Unicode>I had not been there long before Mr. Mayor came accidentally into</Unicode>
                </TextEquiv>
            </TextLine>
            <TextLine id="tr_1_tl_39" custom="readingOrder {index:36;}">
                <Coords points="249,2040 1608,2107 1607,2056 1545,2042 249,2022" />
                <Baseline points="259,2036 326,2039 394,2042 461,2045 529,2048 597,2050 664,2054 732,2056 800,2057 867,2057 935,2060 1003,2062 1070,2063 1138,2068 1206,2069 1273,2071 1341,2073 1409,2078 1476,2081 1544,2083 1612,2093" />
                <TextEquiv>
                    <Unicode>our Company, and said, He thought the Quaker was mad, (meaning</Unicode>
                </TextEquiv>
            </TextLine>
            <TextLine id="tr_1_tl_40" custom="readingOrder {index:37;}">
                <Coords points="249,2097 1612,2148 1567,2092 1397,2080 248,2058" />
                <Baseline points="259,2084 326,2088 394,2093 462,2095 530,2096 598,2099 665,2102 733,2107 801,2108 869,2111 937,2111 1004,2114 1072,2114 1140,2117 1208,2120 1276,2122 1343,2126 1411,2126 1479,2132 1547,2134 1615,2138" />
                <TextEquiv>
                    <Unicode>Sutton the Master of the Ship) for that he was hunting about for his</Unicode>
                </TextEquiv>
            </TextLine>
            <TextLine id="tr_1_tl_41" custom="readingOrder {index:38;}">
                <Coords points="249,2145 1392,2203 1579,2203 1602,2153 248,2116" />
                <Baseline points="259,2138 326,2139 393,2144 461,2146 528,2150 595,2150 663,2153 730,2155 797,2159 865,2161 932,2162 999,2165 1067,2168 1134,2171 1201,2174 1269,2176 1336,2177 1403,2180 1471,2186 1538,2188 1606,2189" />
                <TextEquiv>
                    <Unicode>men to get them on board, in order to set Sail immediately for Amsterdam:</Unicode>
                </TextEquiv>
            </TextLine>
            <TextLine id="tr_1_tl_42" custom="readingOrder {index:39;}">
                <Coords points="253,2196 1605,2259 1602,2198 251,2162" />
                <Baseline points="262,2195 329,2196 396,2198 464,2202 531,2204 598,2205 666,2210 733,2212 800,2213 868,2216 935,2219 1002,2221 1070,2225 1137,2227 1204,2228 1272,2231 1339,2231 1406,2234 1474,2237 1541,2240 1609,2249" />
                <TextEquiv>
                    <Unicode>Then 'twas high time for me to stir, and accordingly I did,</Unicode>
                </TextEquiv>
            </TextLine>
            <TextLine id="tr_1_tl_43" custom="readingOrder {index:40;}">
                <Coords points="1451,2305 1475,2309 1506,2298 1562,2298 1583,2315 1608,2315 1607,2259 1566,2257 1550,2245 1538,2254 1528,2249 1491,2254 1482,2247 1450,2254" />
                <Baseline points="1460,2290 1485,2290 1510,2290 1536,2290 1561,2291 1586,2292 1612,2296" />
                <TextEquiv>
                    <Unicode>getting</Unicode>
                </TextEquiv>
            </TextLine>
        </TextRegion>
        <TextRegion id="r_1" custom="readingOrder {index:4;} structure {type:heading;}">
            <Coords points="2260,151 2783,155 2781,229 2257,226" />
            <TextLine id="tr_2_tl_1" custom="readingOrder {index:0;}">
                <Coords points="2262,207 2416,213 2447,237 2488,212 2655,236 2674,219 2782,220 2782,161 2706,171 2655,155 2612,171 2566,152 2536,171 2510,152 2483,167 2392,152 2351,169 2324,145 2261,149" />
                <Baseline points="2272,203 2297,203 2323,203 2349,205 2374,206 2400,206 2426,206 2451,206 2477,206 2503,206 2529,208 2554,208 2580,206 2606,207 2631,209 2657,209 2683,209 2708,211 2734,211 2760,209 2786,212" />
                <TextEquiv>
                    <Unicode>Trading in England</Unicode>
                </TextEquiv>
            </TextLine>
            <TextEquiv>
                <Unicode />
            </TextEquiv>
        </TextRegion>
        <TextRegion id="r_6" custom="readingOrder {index:5;} structure {type:page-number;}">
            <Coords points="3128,183 3209,183 3209,251 3128,251" />
            <TextLine id="l" custom="readingOrder {index:0;}">
                <Coords points="3138,237 3202,241 3204,211 3140,207" />
                <Baseline points="3138,237 3202,241" />
                <TextEquiv>
                    <Unicode>17</Unicode>
                </TextEquiv>
            </TextLine>
            <TextEquiv>
                <Unicode />
            </TextEquiv>
        </TextRegion>
        <TextRegion id="r_3" custom="readingOrder {index:6;} structure {type:paragraph;}">
            <Coords points="1821,1565 1826,226 3208,252 3207,1565" />
            <TextLine id="l_3" custom="readingOrder {index:0;}">
                <Coords points="1844,275 3203,299 3203,258 1842,232" />
                <Baseline points="1851,259 1918,259 1986,262 2054,262 2122,262 2190,262 2257,262 2325,267 2393,268 2461,268 2529,268 2596,271 2664,274 2732,274 2800,277 2868,277 2935,278 3003,282 3071,284 3139,284 3207,289" />
                <TextEquiv>
                    <Unicode>getting on board as soon as possibly I could, where I laid a stop on</Unicode>
                </TextEquiv>
            </TextLine>
            <TextLine id="l_4" custom="readingOrder {index:1;}">
                <Coords points="1839,311 3188,350 3144,292 1839,282" />
                <Baseline points="1848,307 1915,310 1982,313 2049,313 2116,313 2184,314 2251,316 2318,320 2385,322 2452,323 2520,325 2587,325 2654,328 2721,328 2788,328 2856,331 2923,331 2990,334 3057,337 3124,337 3192,337" />
                <TextEquiv>
                    <Unicode>the Ship, put Wayters on board, &amp;c. to secure her; And because I</Unicode>
                </TextEquiv>
            </TextLine>
            <TextLine id="l_5" custom="readingOrder {index:2;}">
                <Coords points="1839,365 3200,396 3200,347 1837,326" />
                <Baseline points="1848,361 1915,361 1983,364 2051,366 2119,367 2187,369 2254,370 2322,370 2390,373 2458,373 2526,373 2593,376 2661,379 2729,381 2797,382 2865,382 2932,382 3000,384 3068,388 3136,388 3204,385" />
                <TextEquiv>
                    <Unicode>knew all the Officers in Falmouth had some hand in her lllegal dispatches,</Unicode>
                </TextEquiv>
            </TextLine>
            <TextLine id="l_6" custom="readingOrder {index:3;}">
                <Coords points="1844,432 3193,451 3191,410 2969,388 1844,384" />
                <Baseline points="1854,412 1921,415 1988,415 2055,416 2122,418 2189,418 2256,421 2323,421 2390,424 2457,424 2524,427 2591,427 2658,430 2725,430 2792,430 2859,433 2926,433 2993,433 3060,436 3127,439 3195,439" />
                <TextEquiv>
                    <Unicode>&amp;c. And that I could depend on the Friendship of none</Unicode>
                </TextEquiv>
            </TextLine>
            <TextLine id="l_7" custom="readingOrder {index:4;}">
                <Coords points="1841,470 3190,500 3193,449 1839,434" />
                <Baseline points="1848,462 1915,463 1983,465 2050,462 2118,465 2185,468 2253,468 2320,471 2388,471 2455,476 2523,474 2590,476 2658,477 2725,480 2793,480 2860,480 2928,483 2995,483 3063,483 3130,486 3198,486" />
                <TextEquiv>
                    <Unicode>there but Mr. George Wethiell Deputy Customer, and Mr. Peter Hill</Unicode>
                </TextEquiv>
            </TextLine>
            <TextLine id="l_8" custom="readingOrder {index:5;}">
                <Coords points="1836,524 3188,548 3188,505 1834,476" />
                <Baseline points="1845,507 1912,512 1979,510 2047,513 2114,516 2181,516 2249,519 2316,519 2383,519 2451,522 2518,522 2585,524 2653,525 2720,525 2787,525 2855,527 2922,528 2989,531 3057,531 3124,534 3192,537" />
                <TextEquiv>
                    <Unicode>Land-wayter; I sent to Mr. Thomas Enys Collector of Penryn for</Unicode>
                </TextEquiv>
            </TextLine>
            <TextLine id="l_9" custom="readingOrder {index:6;}">
                <Coords points="1832,565 3193,596 3193,552 1830,531" />
                <Baseline points="1842,561 1909,561 1977,564 2045,564 2113,567 2181,569 2248,573 2316,572 2384,573 2452,573 2520,573 2587,576 2655,576 2723,576 2791,578 2859,576 2926,580 2994,582 3062,582 3130,586 3198,588" />
                <TextEquiv>
                    <Unicode>assistance, which I readily had, and so the Ship was stopt: The</Unicode>
                </TextEquiv>
            </TextLine>
            <TextLine id="l_10" custom="readingOrder {index:7;}">
                <Coords points="1832,615 3188,652 3188,611 3103,589 1832,584" />
                <Baseline points="1842,612 1909,615 1977,615 2044,618 2112,618 2179,620 2247,621 2314,624 2382,624 2449,624 2517,627 2584,627 2652,630 2719,630 2787,630 2854,630 2922,633 2989,633 3057,636 3124,639 3192,639" />
                <TextEquiv>
                    <Unicode>next morning early, I had notice that the Mr. endeavoured to force</Unicode>
                </TextEquiv>
            </TextLine>
            <TextLine id="l_11" custom="readingOrder {index:8;}">
                <Coords points="1839,673 2893,707 3164,702 3191,652 1837,628" />
                <Baseline points="1848,666 1915,666 1982,666 2050,669 2117,669 2184,672 2252,672 2319,675 2386,675 2454,676 2521,677 2588,679 2656,680 2723,680 2790,680 2858,680 2925,680 2992,685 3060,686 3127,689 3195,692" />
                <TextEquiv>
                    <Unicode>his way, on which I applyed to Major Collins Deputy Governour of</Unicode>
                </TextEquiv>
            </TextLine>
            <TextLine id="l_12" custom="readingOrder {index:9;}">
                <Coords points="1839,722 3195,744 3195,698 1839,674" />
                <Baseline points="1848,713 1915,716 1983,719 2050,719 2118,719 2185,721 2253,722 2320,725 2388,725 2455,728 2523,728 2590,730 2658,731 2725,731 2793,728 2860,731 2928,731 2995,734 3063,737 3130,737 3198,740" />
                <TextEquiv>
                    <Unicode>Pendennis Castle, under the Right Honourable my Lord Arundel of</Unicode>
                </TextEquiv>
            </TextLine>
            <TextLine id="l_13" custom="readingOrder {index:10;}">
                <Coords points="1832,775 3191,794 3190,746 1832,731" />
                <Baseline points="1842,764 1909,764 1977,767 2044,767 2112,770 2180,772 2247,773 2315,773 2383,773 2450,776 2518,776 2586,778 2653,779 2721,776 2789,779 2856,781 2924,782 2992,784 3059,785 3127,785 3195,788" />
                <TextEquiv>
                    <Unicode>Trerice, for assistance in Case of necessity; who frankly complyed</Unicode>
                </TextEquiv>
            </TextLine>
            <TextLine id="l_14" custom="readingOrder {index:11;}">
                <Coords points="1832,814 3173,844 3150,794 1832,785" />
                <Baseline points="1842,809 1908,812 1975,812 2042,813 2109,815 2175,818 2242,818 2309,818 2376,821 2442,822 2509,824 2576,825 2643,827 2709,827 2776,827 2843,828 2910,830 2976,829 3043,833 3110,834 3177,833" />
                <TextEquiv>
                    <Unicode>with my Request, and assured me the Ship should not go out without</Unicode>
                </TextEquiv>
            </TextLine>
            <TextLine id="l_15" custom="readingOrder {index:12;}">
                <Coords points="1832,871 2862,907 3167,900 3181,862 1830,832" />
                <Baseline points="1842,860 1909,863 1976,863 2043,864 2110,866 2178,870 2245,872 2312,872 2379,872 2446,875 2514,875 2581,878 2648,878 2715,878 2782,878 2850,881 2917,881 2984,882 3051,884 3118,887 3186,887" />
                <TextEquiv>
                    <Unicode>my Order; Then I returned to meet Sir Peter Killigrew at Customhouse,</Unicode>
                </TextEquiv>
            </TextLine>
            <TextLine id="l_16" custom="readingOrder {index:13;}">
                <Coords points="1820,922 3184,949 3184,903 1818,883" />
                <Baseline points="1830,913 1901,916 1973,916 2044,916 2116,917 2187,919 2259,922 2330,922 2402,925 2473,926 2545,928 2616,930 2688,931 2759,931 2831,931 2902,931 2974,934 3045,937 3117,940 3189,940" />
                <TextEquiv>
                    <Unicode>where I found both Him and Mr. Rogers; I told them on</Unicode>
                </TextEquiv>
            </TextLine>
            <TextLine id="l_17" custom="readingOrder {index:14;}">
                <Coords points="1827,968 3179,1004 3179,949 1825,941" />
                <Baseline points="1836,964 1903,967 1970,967 2038,967 2105,970 2172,971 2240,973 2307,973 2374,976 2442,976 2509,979 2576,979 2644,982 2711,982 2778,982 2846,982 2913,982 2980,985 3048,988 3115,991 3183,988" />
                <TextEquiv>
                    <Unicode>what grounds I had stopt the Ship, that the Goods were Forfeited</Unicode>
                </TextEquiv>
            </TextLine>
            <TextLine id="l_18" custom="readingOrder {index:15;}">
                <Coords points="1820,1018 3181,1055 3179,1004 3101,995 1820,987" />
                <Baseline points="1830,1015 1897,1016 1965,1021 2033,1021 2101,1018 2169,1021 2236,1024 2304,1024 2372,1027 2440,1027 2508,1027 2575,1030 2643,1030 2711,1033 2779,1033 2847,1033 2914,1034 2982,1036 3050,1039 3118,1041 3186,1042" />
                <TextEquiv>
                    <Unicode>by the Acts of Tunnage and Poundage the 12 Article to the Book of</Unicode>
                </TextEquiv>
            </TextLine>
            <TextLine id="l_19" custom="readingOrder {index:16;}">
                <Coords points="1820,1076 3179,1100 3138,1048 1820,1033" />
                <Baseline points="1830,1069 1897,1066 1965,1066 2032,1069 2100,1069 2168,1072 2235,1072 2303,1075 2371,1075 2438,1075 2506,1075 2574,1078 2641,1084 2709,1081 2777,1081 2844,1081 2912,1084 2980,1084 3047,1087 3115,1087 3183,1090" />
                <TextEquiv>
                    <Unicode>Rates and by other Statutes, they being Jews Goods, which ought</Unicode>
                </TextEquiv>
            </TextLine>
            <TextLine id="l_20" custom="readingOrder {index:17;}">
                <Coords points="1824,1118 3181,1147 3179,1106 3012,1091 1824,1083" />
                <Baseline points="1833,1117 1900,1115 1968,1114 2035,1117 2103,1120 2170,1121 2238,1123 2305,1123 2373,1123 2440,1126 2508,1123 2575,1126 2643,1128 2710,1128 2778,1128 2845,1128 2913,1131 2980,1133 3048,1134 3115,1136 3183,1137" />
                <TextEquiv>
                    <Unicode>to pay Alien Custom, and contrary to Law had been all Entred in</Unicode>
                </TextEquiv>
            </TextLine>
            <TextLine id="l_21" custom="readingOrder {index:18;}">
                <Coords points="1822,1171 2768,1204 3161,1204 3179,1171 1820,1141" />
                <Baseline points="1830,1164 1897,1165 1965,1167 2032,1167 2100,1170 2168,1172 2235,1173 2303,1173 2371,1173 2438,1176 2506,1176 2574,1176 2641,1176 2709,1181 2777,1179 2844,1181 2912,1182 2980,1187 3047,1188 3115,1190 3183,1188" />
                <TextEquiv>
                    <Unicode>the Name of Henry Sutton an Englishman: They both seemed concerned</Unicode>
                </TextEquiv>
            </TextLine>
            <TextLine id="l_22" custom="readingOrder {index:19;}">
                <Coords points="1824,1228 3174,1252 3173,1211 3074,1195 1824,1183" />
                <Baseline points="1833,1218 1900,1216 1967,1218 2034,1221 2101,1221 2169,1224 2236,1224 2303,1227 2370,1227 2437,1230 2505,1230 2572,1231 2639,1233 2706,1234 2773,1236 2841,1236 2908,1236 2975,1237 3042,1242 3109,1242 3177,1239" />
                <TextEquiv>
                    <Unicode>at the Discovery, and used many Arguments to perswade</Unicode>
                </TextEquiv>
            </TextLine>
            <TextLine id="l_23" custom="readingOrder {index:20;}">
                <Coords points="1820,1270 3176,1299 3176,1252 1818,1236" />
                <Baseline points="1830,1266 1897,1269 1965,1269 2032,1270 2100,1272 2167,1277 2235,1278 2302,1278 2370,1278 2437,1280 2505,1281 2572,1283 2640,1284 2707,1284 2775,1284 2842,1286 2910,1287 2977,1290 3045,1293 3112,1293 3180,1293" />
                <TextEquiv>
                    <Unicode>me to let the Ship pass; and particularly, for my so doing, I should</Unicode>
                </TextEquiv>
            </TextLine>
            <TextLine id="l_24" custom="readingOrder {index:21;}">
                <Coords points="1820,1332 3173,1356 3173,1310 1818,1274" />
                <Baseline points="1830,1320 1897,1320 1964,1320 2032,1322 2099,1326 2166,1326 2234,1326 2301,1328 2368,1329 2436,1331 2503,1332 2570,1334 2638,1335 2705,1335 2772,1335 2840,1335 2907,1338 2974,1340 3042,1344 3109,1344 3177,1347" />
                <TextEquiv>
                    <Unicode>have 50 Guineys, and the best Horse Sir Peter had: But all their</Unicode>
                </TextEquiv>
            </TextLine>
            <TextLine id="l_25" custom="readingOrder {index:22;}">
                <Coords points="1825,1380 3173,1397 3055,1347 1824,1334" />
                <Baseline points="1833,1370 1900,1370 1967,1370 2034,1370 2101,1373 2169,1371 2236,1376 2303,1375 2370,1376 2437,1377 2505,1379 2572,1379 2639,1382 2706,1382 2773,1382 2841,1382 2908,1385 2975,1385 3042,1388 3109,1388 3177,1388" />
                <TextEquiv>
                    <Unicode>Arguments prevail'd no farther with me, than that I would give</Unicode>
                </TextEquiv>
            </TextLine>
            <TextLine id="l_26" custom="readingOrder {index:23;}">
                <Coords points="1824,1427 3179,1448 3179,1412 1822,1383" />
                <Baseline points="1833,1418 1900,1417 1968,1418 2035,1418 2103,1421 2170,1421 2238,1421 2305,1424 2373,1424 2440,1426 2508,1430 2575,1430 2643,1430 2710,1430 2778,1433 2845,1433 2913,1433 2980,1436 3048,1439 3115,1441 3183,1442" />
                <TextEquiv>
                    <Unicode>them a Meeting again next morning, by which time I had got the</Unicode>
                </TextEquiv>
            </TextLine>
            <TextLine id="l_27" custom="readingOrder {index:24;}">
                <Coords points="1815,1468 3167,1508 3167,1458 1813,1431" />
                <Baseline points="1824,1466 1891,1466 1958,1469 2026,1469 2093,1472 2160,1473 2228,1475 2295,1475 2362,1475 2430,1477 2497,1478 2564,1481 2632,1481 2699,1483 2766,1484 2834,1482 2901,1484 2968,1486 3036,1487 3103,1490 3171,1487" />
                <TextEquiv>
                    <Unicode>following Information from five Sea-men belonging to the same Ship</Unicode>
                </TextEquiv>
            </TextLine>
            <TextLine id="l_28" custom="readingOrder {index:25;}">
                <Coords points="1824,1532 1955,1530 2015,1542 2034,1528 2095,1538 2095,1494 2056,1482 2011,1501 1982,1475 1938,1489 1900,1475 1885,1492 1824,1491" />
                <Baseline points="1833,1523 1859,1521 1886,1520 1912,1520 1939,1521 1966,1523 1992,1523 2019,1523 2045,1525 2072,1526 2099,1526" />
                <TextEquiv>
                    <Unicode>on Oath, riz.</Unicode>
                </TextEquiv>
            </TextLine>
            <TextEquiv>
                <Unicode />
            </TextEquiv>
        </TextRegion>
        <TextRegion id="r_2" custom="readingOrder {index:7;} structure {type:marginalia;}">
            <Coords points="2869,1655 3176,1655 3176,1728 2869,1728" />
            <TextLine id="l_1" custom="readingOrder {index:0;}">
                <Coords points="2865,1652 3056,1653 3154,1667 3155,1708 2865,1704" />
                <Baseline points="2875,1692 2908,1690 2970,1693 3033,1694 3096,1696 3159,1699" />
                <TextEquiv>
                    <Unicode>Seamens Affidavit.</Unicode>
                </TextEquiv>
            </TextLine>
            <TextEquiv>
                <Unicode />
            </TextEquiv>
        </TextRegion>
        <TextRegion id="r_4" custom="readingOrder {index:8;} structure {type:paragraph;}">
            <Coords points="3207,1565 3207,2301 1818,2301 1821,1565" />
            <TextLine id="l_29" custom="readingOrder {index:0;}">
                <Coords points="1941,1656 2037,1615 2829,1651 2811,1591 1940,1576" />
                <Baseline points="1950,1612 1994,1621 2038,1621 2082,1624 2126,1624 2171,1627 2215,1627 2259,1627 2303,1630 2347,1630 2392,1630 2436,1633 2480,1630 2524,1632 2568,1633 2613,1633 2657,1635 2701,1636 2745,1634 2789,1635 2834,1639" />
                <TextEquiv>
                    <Unicode>WE Thomas Bummer, Richard Randall,</Unicode>
                </TextEquiv>
            </TextLine>
            <TextLine id="l_31" custom="readingOrder {index:1;}">
                <Coords points="2865,1704 1947,1692 1895,1660 1894,1585 1994,1648 2865,1652" />
                <Baseline points="1999,1668 2030,1672 2093,1675 2155,1675 2218,1678 2281,1679 2343,1681 2406,1684 2469,1684 2532,1684 2594,1684 2657,1684 2720,1687 2782,1687 2832,1690" />
                <TextEquiv>
                    <Unicode>Nicholas Downing, Thomas Dawson,</Unicode>
                </TextEquiv>
            </TextLine>
            <TextLine id="l_30" custom="readingOrder {index:2;}">
                <Coords points="1817,1731 2826,1740 2826,1706 2652,1690 2491,1690 2459,1719 2110,1682 1817,1702" />
                <Baseline points="1827,1720 1877,1720 1927,1720 1977,1720 2027,1721 2078,1723 2128,1723 2178,1725 2228,1726 2278,1729 2329,1727 2379,1729 2429,1730 2479,1730 2529,1729 2580,1731 2630,1732 2680,1732 2730,1732 2780,1734 2831,1729" />
                <TextEquiv>
                    <Unicode>and Robert Adamson Mariners, lately belonging to</Unicode>
                </TextEquiv>
            </TextLine>
            <TextLine id="l_32" custom="readingOrder {index:3;}">
                <Coords points="1808,1774 3167,1803 3167,1750 3056,1743 1808,1738" />
                <Baseline points="1818,1765 1885,1768 1953,1768 2020,1770 2088,1771 2156,1771 2223,1771 2291,1774 2359,1774 2426,1774 2494,1777 2562,1777 2629,1780 2697,1780 2765,1780 2832,1780 2900,1780 2968,1783 3035,1783 3103,1788 3171,1792" />
                <TextEquiv>
                    <Unicode>the good Ship, the Experiment of London, Henry Sutton Master, of</Unicode>
                </TextEquiv>
            </TextLine>
            <TextLine id="l_33" custom="readingOrder {index:4;}">
                <Coords points="1815,1820 3167,1844 3167,1803 1813,1789" />
                <Baseline points="1824,1815 1891,1812 1958,1812 2026,1815 2093,1818 2160,1816 2228,1818 2295,1821 2362,1821 2430,1821 2497,1821 2564,1824 2632,1827 2699,1827 2766,1830 2834,1830 2901,1830 2968,1833 3036,1833 3103,1836 3171,1833" />
                <TextEquiv>
                    <Unicode>the Burthen of three hundred Tuns or there abouts, Laden with Sugars</Unicode>
                </TextEquiv>
            </TextLine>
            <TextLine id="l_34" custom="readingOrder {index:5;}">
                <Coords points="1817,1875 3167,1900 3167,1858 2814,1834 1817,1846" />
                <Baseline points="1827,1869 1894,1866 1961,1866 2028,1869 2095,1869 2163,1872 2230,1875 2297,1875 2364,1875 2431,1877 2499,1875 2566,1878 2633,1881 2700,1881 2767,1884 2835,1884 2902,1884 2969,1887 3036,1887 3103,1888 3171,1890" />
                <TextEquiv>
                    <Unicode>and other Commodities, bound from the Island of Barbadoes to some</Unicode>
                </TextEquiv>
            </TextLine>
            <TextLine id="l_35" custom="readingOrder {index:6;}">
                <Coords points="1812,1929 3169,1947 3144,1899 1812,1880" />
                <Baseline points="1821,1917 1888,1919 1956,1920 2023,1922 2091,1923 2158,1926 2226,1926 2293,1926 2361,1926 2428,1928 2496,1929 2563,1931 2631,1932 2698,1932 2766,1935 2833,1935 2901,1935 2968,1938 3036,1938 3103,1939 3171,1938" />
                <TextEquiv>
                    <Unicode>Port of England, and from thence to Amsterdam: And upon the</Unicode>
                </TextEquiv>
            </TextLine>
            <TextLine id="l_36" custom="readingOrder {index:7;}">
                <Coords points="1812,1976 3167,1998 3167,1960 1810,1929" />
                <Baseline points="1821,1971 1888,1970 1956,1968 2023,1971 2091,1974 2158,1974 2226,1974 2293,1977 2361,1977 2428,1980 2496,1980 2563,1980 2631,1983 2698,1983 2766,1983 2833,1983 2901,1986 2968,1988 3036,1989 3103,1991 3171,1992" />
                <TextEquiv>
                    <Unicode>Holy Evangelist do freely and voluntarily Swear, that they arrived in</Unicode>
                </TextEquiv>
            </TextLine>
            <TextLine id="l_37" custom="readingOrder {index:8;}">
                <Coords points="1808,2023 3164,2042 3164,2008 3034,1996 1808,1996" />
                <Baseline points="1818,2019 1885,2019 1953,2019 2020,2020 2088,2022 2155,2022 2223,2025 2290,2025 2358,2025 2425,2028 2493,2028 2560,2028 2628,2030 2695,2032 2763,2033 2830,2030 2898,2033 2965,2035 3033,2036 3100,2036 3168,2039" />
                <TextEquiv>
                    <Unicode>the Port of Falmouth in the Kingdom of England, on or about the 27th.</Unicode>
                </TextEquiv>
            </TextLine>
            <TextLine id="l_38" custom="readingOrder {index:9;}">
                <Coords points="1815,2075 3171,2090 3152,2042 1815,2040" />
                <Baseline points="1824,2063 1891,2063 1959,2063 2026,2066 2094,2066 2161,2068 2229,2069 2296,2072 2364,2072 2431,2072 2499,2075 2566,2075 2634,2075 2701,2078 2769,2078 2836,2080 2904,2078 2971,2081 3039,2084 3106,2084 3174,2081" />
                <TextEquiv>
                    <Unicode>day of September last past from the said Island of Barbadoes. And these</Unicode>
                </TextEquiv>
            </TextLine>
            <TextLine id="l_39" custom="readingOrder {index:10;}">
                <Coords points="1817,2122 2904,2155 3164,2110 1815,2075" />
                <Baseline points="1827,2114 1894,2114 1961,2117 2028,2117 2095,2117 2162,2120 2229,2120 2296,2120 2363,2123 2430,2123 2497,2123 2564,2126 2631,2126 2698,2126 2765,2129 2832,2129 2899,2129 2966,2132 3033,2132 3100,2134 3168,2132" />
                <TextEquiv>
                    <Unicode>Deponents farther say, that the greatest quantity of the Sugars and</Unicode>
                </TextEquiv>
            </TextLine>
            <TextLine id="l_40" custom="readingOrder {index:11;}">
                <Coords points="1815,2180 3167,2194 3167,2153 2834,2138 1815,2139" />
                <Baseline points="1824,2165 1891,2168 1958,2168 2026,2171 2093,2171 2160,2172 2228,2174 2295,2174 2362,2177 2430,2177 2497,2177 2564,2179 2632,2180 2699,2180 2766,2183 2834,2183 2901,2183 2968,2185 3036,2186 3103,2189 3171,2189" />
                <TextEquiv>
                    <Unicode>Merchandizes loaden on board the said Ship, do really belong to Jews, and</Unicode>
                </TextEquiv>
            </TextLine>
            <TextLine id="l_41" custom="readingOrder {index:12;}">
                <Coords points="1815,2242 3173,2245 3171,2196 1815,2186" />
                <Baseline points="1824,2222 1891,2222 1959,2222 2026,2224 2094,2225 2161,2227 2229,2228 2296,2228 2364,2228 2431,2231 2499,2231 2566,2231 2634,2234 2701,2234 2769,2237 2836,2237 2904,2237 2971,2239 3039,2237 3106,2240 3174,2240" />
                <TextEquiv>
                    <Unicode>particularly to Aaron Barscoe, Abraham Barrasse, one Rodrigo and</Unicode>
                </TextEquiv>
            </TextLine>
            <TextLine id="l_42" custom="readingOrder {index:13;}">
                <Coords points="3027,2291 3039,2291 3048,2300 3171,2298 3171,2257 3157,2257 3147,2247 3126,2257 3094,2259 3074,2259 3063,2249 3053,2249 3039,2261 3027,2261" />
                <Baseline points="3037,2290 3064,2290 3091,2289 3119,2288 3146,2288 3174,2290" />
                <TextEquiv>
                    <Unicode>Lewis</Unicode>
                </TextEquiv>
            </TextLine>
            <TextEquiv>
                <Unicode />
            </TextEquiv>
        </TextRegion>
    </Page>
</PcGts>