2479 3508
829 23 1596 188 Jamaica View'd.
1972 85 2122 214 19
299 186 2110 282 Fruits of the common Earth. For the Propriety whereof
289 276 1773 383 he can show no Bill of Sale but his Sword.
808 457 1610 549 Thus much in General.
282 898 2099 1031 I shall now give you a more particular Description of
372 999 2085 1130 this Isle, with its Harbours, Towns, Ports, Soundings,
372 1109 2092 1245 exactly represented in this Map, to your
367 1242 579 1334 View.
367 1435 2099 1566 WHerein the chief Harbour at Point Cagway merits
512 1527 2094 1621 Precedency, lying North-West from the said Point
266 1637 2090 1720 in an Arm of the Sea, that shoots in three or four Leagues
271 1720 845 1812 within the Land.
354 1809 2090 1901 Where one Thousand tall Ships may safely ride at one
250 1904 2080 2030 time, and all sufficiently shelter'd from Winds and Waves;
250 1989 2078 2106 and if they please, close aboard the Shore, for an English
255 2085 2074 2204 Mile in length, incomparably convenient for careening
363 2172 1084 2294 Ships of all Burthens.
340 2255 2078 2384 Upon this Point or sandy Bay is now built above five
273 2356 2062 2452 Hundred Houses, by the English, chiefly for the accommodation
301 2446 2071 2549 of Sea-men, especially the Privateers, who are
296 2540 2069 2636 their best customers; and sometimes, as now it is, the
326 2615 2057 2735 Residence of the General, and some Merchants and Manufactures;
232 2723 2062 2836 whose Shares to build upon is measured out
241 2797 2064 2898 to them by the Foot, and that immediately forfeited, if
232 2898 2067 2987 not forthwith improv'd by Buildings, which now almost
241 3020 2071 3109 cover the Face of the Bay for a Mile in length; the
232 3079 2076 3199 breadth thereof being variable, sometimes borrowing of
1929 3176 2060 3270 the
1171 3173 1343 3272 D 2
