2479 3508
407 324 660 426 Book VI.
769 326 1652 450 Island of BARBADOS.
1849 324 1978 461 165
660 479 1516 564 Purslain, White and Red.
409 584 1888 702 THESE differ very little, if any thing, from those in England,
527 640 1457 715 except in the Rankness of their Growth here.
461 682 1888 763 They are generally boiled and used, when more valuable Green are
402 747 699 833 not in Plenty.
398 867 1881 940 The ARABIAN JESSAMMY; Lat. JASMINUM sive Sambac
999 937 1232 1023 Arabum.
404 1034 1873 1092 This is a woody creeping Vine, cloathed with dark-green sharp-
514 1103 1877 1150 pointed Leaves, of about Two Inches long, and one broad, bearing
404 1138 1228 1213 Seven-leaved white fragrant Flowers.
465 1198 1822 1263 These are supported by Seven very sharp-pointed graminous Leaves.
461 1248 1669 1309 This is planted chiefly in Gardens, or near Dwelling-houses.
466 1307 1879 1374 It yields a very agreeable fragrant Smell, and keeps its Verdure all the
406 1359 538 1442 Year.
879 1390 1377 1503 TITHYMALOIDES.
398 1497 1490 1613 THE Roots of this are very numerous and strong.
553 1554 1873 1635 The main Stalk branches near the Earth, into many spiral strong
404 1608 559 1685 Twigs.
470 1659 1875 1729 The Bark of the Trunk, near the Roots, is smooth and whitish; but
400 1705 1875 1794 all its Branches of a deep shining Green, keeping their grateful Verdure
407 1774 1320 1853 undiminished thro’ every Season of the Year.
466 1809 1866 1890 These are cloathed with thick succulent green round-pointed Leaves,
407 1884 1875 1938 of about Four Inches long, and Two in Breadth, having their smooth
407 1945 1086 1993 Edges a little tinged with Yellow.
466 1995 1464 2050 These are likewise set on the Branches alternately.
465 2036 1870 2113 The Flower, which is of a fine deep Red, cannot be reduced to any
402 2098 1870 2165 Class that hath hitherto been described by any Botanical Writer, it being
402 2159 1879 2212 a triangular sharp-pointed small horizontal Sheath; the Top of the Pistil
419 2207 1870 2273 jutting out, making the Extremity of the longest Angle: This, on the Inside
407 2257 1650 2323 of the Flower, is covered with a yellow farinaceous Dust.
465 2307 1875 2401 From the same narrow Aperture appear several small Stamina, tipped
409 2367 785 2439 with green Apices.
465 2393 1875 2511 These Flowers are succeeded by irregular small Berries, of a dark Red
409 2476 632 2548 when ripe.
457 2511 1331 2585 Each of these incloses Three angular Seeds.
455 2579 1879 2648 The Berries, Branches, and Leaves, are full of a thick glutinous milky
402 2626 538 2729 Juice.
465 2683 1888 2760 The only Place that I have seen this was at Cluff's Bay, in St. Lucy's
396 2747 553 2810 Parish.
455 2795 1617 2891 This very seldom grows in any other Part of the Island.
1785 2838 1881 2908 The
