2479 3508
1099 246 1310 388 [ 21 ]
403 405 1980 580 comes to be removed, it flowes copiously
413 584 2000 682 into the Bowels, insomuch that in some of
407 751 1998 847 the first Days we generally find the new
409 894 2006 1071 born Babe to be much Griped, and have
413 1083 2010 1254 frequently greenish Bilious Stooles, (called
407 1220 1998 1397 by Nurses Loosness) which are owing to
415 1391 1976 1586 the great irritation of that stimulating Liquor
415 1521 932 1731 the Bile.
501 1743 2010 1938 Another Argument of proof of what I
417 1906 2010 2029 have Advanced concerning the force of the
419 2063 1994 2242 Bile, may be taken from what is notoriously
419 2224 2021 2393 observed in many old People of both
413 2391 2023 2516 Sexes, for it is certain that all the Juices of
411 2550 2013 2703 such are commonly ranker and more acrid
407 2723 1996 2868 than in younger People, as appears by their
386 2813 2006 3043 Spitle, Sweat, Urine, Fæces &c. And consequently
396 3033 1998 3214 in such the Bile must be sharper,
392 3188 1976 3393 and more Vellicating (Cæteris paribus)
1829 3452 2010 3490 than
