2479 3508
1051 0 1412 176 [22]
347 97 2105 279 Before the War, if I bought any Commodity
329 270 2107 367 in France which cost me a Livre, I paid
335 367 2132 466 eighteen Pence English for it, as is well known
320 455 2107 572 to every Body that had Dealings there; if I buy
317 556 2125 684 now the same thing in France for a Livre, I
340 635 2118 761 pay but one Shilling for it, by which means all
331 745 2118 853 their Manufactures are rendered so very cheap
329 824 2118 937 to us, that if there was but moderate Duties
340 921 2116 1033 upon their Importation, we should immediately
340 1020 2127 1139 be over-whelmed with French Commodities.
349 1123 2127 1238 For as their Work-men receive no more Sols
338 1202 2125 1328 or Pence for their Days-work or Wages than
338 1303 2116 1418 they did formerly, they sell their Cloth, Paper,
347 1414 2143 1520 and Linnen for no more Sols than they used to
347 1488 2141 1628 do: Therefore if I bought heretofore an Ell of
351 1594 2141 1693 Linnen for a Livre, it cost me then eighteen
356 1670 2109 1808 Pence, and now buying an Ell of the same Linnen
349 1767 2125 1943 for a Livre still, it costs me but one Shilling.
392 1941 2134 2094 On the contrary, when the French bought any
351 2055 2148 2179 thing of us before the War, if it cost them one
358 2152 2143 2265 Pound Sterling, they paid but thirteen Livres
356 2260 2145 2393 for it; and if they buy now the same thing for
358 2341 2152 2479 one Pound Sterling, they pay twenty Livres:
383 2436 2159 2555 Which renders every Commodity we have so
369 2528 2145 2665 very dear to them, that 'tis hardly possible they
371 2636 2134 2805 should take any thing from us, but what they
374 2729 1558 2855 have an absolute Necessity for.
394 2821 2163 2927 For if they bought formerly a Yard of Cloth
383 2911 2154 3037 here for fifteen Shillings, they paid but nine
387 3008 2159 3138 Livres three Quarters for it; and if they buy
376 3098 2152 3217 now here a Yard of the same Cloth for fifteen
378 3195 2159 3375 Shillings, they must pay fifteen Livres: Which
2060 3296 2159 3404 as
