2479 3508
235 609 411 707 192
427 611 1162 737 A Choice Manual, or,
311 735 1244 844 The dose is one or two spoonfuls
224 797 895 915 morning and evening.
373 873 1133 982 The Virtue of Aqua Mariæ.
298 940 1239 1053 It is good for all Infirmities of
222 1006 1226 1117 the Spleen and to open the obstructions
227 1082 1233 1197 thereof, it comforteth the
220 1160 1228 1286 vital parts, and is good against all
229 1235 1226 1355 passions of the heart; it preserveth
220 1317 1224 1413 the meat in the stomach from
213 1380 1215 1500 putrefaction; it helpeth digestion,
213 1453 906 1548 and expelleth wind.
295 1533 1211 1637 The dose is one spoonful at one
206 1584 376 1677 time.
235 1675 1199 1795 The Virtues of Flowers of Rosemary.
256 1741 1202 1851 It is good against all infirmities
196 1808 1204 1922 of the stomach, and to suppress all
196 1877 1199 1997 offensive fumes rising up from
187 1959 1195 2068 thence to the head, keeping them
187 2026 1195 2164 down, and helpeth memory, it
189 2112 1186 2221 openeth all stoppings of the Liver
180 2184 1188 2301 and Milt, it preventeth Vertigo,
182 2263 1184 2364 Scotomia, Palsies, Apoplexies, diseases
180 2323 1188 2433 of that kind arising from
178 2399 1177 2515 cold Humours, it breaketh wind,
176 2470 857 2564 and easeth the Cholick.
240 2546 1179 2650 The dose is 1 spoonful at 1 time.
1057 2648 1179 2724 The
1351 602 2145 724 Rare Secret in Physick.
2153 627 2308 724 193.
1411 720 2204 813 The Virtues of Spirit of Mint.
1397 791 2323 893 It is good for the stomach, and
1328 866 2326 955 strengthens the retentive faculty,
1328 935 2310 1028 good against vomiting, and all passions
1333 1013 2326 1100 of the heart, it comforteth
1339 1091 2339 1173 the vital spirits, and is good against
1339 1155 2332 1244 the Consumption, it expelleth
1348 1222 2330 1306 wind, and helpeth digestion, and
1348 1300 2328 1399 is an infallible help for all Melancholy.
1431 1444 2344 1524 The dose is from one to two
1351 1528 1664 1621 spoonfuls.
1390 1591 2297 1673 The Virtues of Aqua Theriacalis.
1431 1664 2350 1764 It is good against all Diseases of
1357 1739 2346 1835 the Spleen whatsoever; It
1366 1810 2346 1892 Preventeth and helpeth contagions,
1362 1884 2366 1961 and sudden oppressions and qualms
1371 1959 1748 2037 of the heart.
1451 2021 2355 2113 The dose is one spoonful to prevent,
1375 2099 2375 2197 and 3 to the infected, who
1371 2177 2219 2268 ought to sweat after taking it.
1450 2241 2293 2339 The Virtues of Spirits of Saffron.
1451 2313 2370 2413 It is good to comfort the vital
1375 2384 2372 2464 Spirits, passions, trembling, and
1393 2459 2377 2568 pensiveness of the heart, and
1380 2528 2375 2621 helpeth all malignity oppressing
2293 2603 2392 2692 it,
