2479 3508
726 370 884 539 176
1082 369 1863 521 LETTER VII.
715 469 2175 611 stice of Peace, if not exceeding 40s. if more,
724 581 1493 673 in any Court of Record.
710 671 2169 757 No Person whatsoever shall kill any Cattle,
715 748 2171 842 Horse, Mare, Mule, or Assinego, under the
715 825 2177 926 Penalty of 15l. to be recovered in any Court
710 915 2171 1012 of Record, by the owner or Proprietor of the
710 990 1065 1087 said Beast.
796 1071 2171 1179 All Owners of Neat Cattle shall keep one
715 1152 2180 1252 white Man at each Pen, and two white Men
715 1251 2184 1328 at every Pen, whereunto belongs above 200
719 1318 2177 1408 Head of Cattle, Penalty 10 l. for every white
719 1403 2175 1498 Man wanting for the Space of three Months,
726 1482 2169 1575 Half to the Poor of the Parish, Half to the
726 1561 1051 1672 Informer.
792 1643 2177 1733 All Owners of Cattle shall pen them once
700 1731 2171 1839 in three Nights at least, or pay the Damage
710 1808 1821 1900 double which such Cattle shall do.
792 1892 2184 1973 Strays shall belong to the Proprietor of the
728 1968 2178 2078 Ground where taken up, provided he cries the
724 2048 2171 2151 Stray three Court Days with proper Descriptions,
730 2131 2180 2230 and turns the same loose in the feeding
719 2208 2184 2298 Grounds, with a Withe about the Neck for an
719 2296 2177 2386 Year; and if not claimed in that Time, the
722 2378 2175 2472 property shall be his. Ear mark'd, or burnt
715 2446 2175 2551 mark'd Cattle shall belong to the right Owners,
710 2540 2175 2652 if claim'd any Time after the Expiration
719 2617 1124 2714 of the Year.
820 2705 2171 2793 The Clerk of each respective Court of Record
724 2778 2180 2877 in this Island shall make Entry, and toll
726 2866 2175 3007 all Sorts of Cattle that shall be sold from one
2028 2952 2178 3061 Per-
