2479 3508
731 367 1458 453 of the Iland of Barbadoes.
1856 384 1950 492 33
425 432 1784 527 a gallon, the people drink much of it, indeed too much; for it often
422 525 1778 580 layes them asleep on the ground, and that is accounted a very
425 564 708 647 unwholsome lodging.
480 607 1784 671 The eighth sort of drink is Beveridge, made of spring water, white
417 660 1775 753 sugar, and juyce of Orenges, and this is not onely pleasant but
422 713 542 765 wholsome.
480 748 1778 820 The last and best sort of drinke that this Iland or the world affords,
412 825 1778 882 is the incomparable wine of Pines; And is certainly the Nectar
422 864 1784 916 which the Gods drunke; for on earth there is none like it; and that is
413 906 1780 964 made of the pure juyce of the fruit it selfe, without commixture of
417 962 1784 1014 water, or any other creature, having in it selfe, a naturall compound
410 1010 1789 1062 of all tastes excellent, that the world can yield. This drink is too
420 1044 1790 1113 pure to keep long; in three or four dayes it will be fine; 'tis made
417 1098 1772 1192 by pressing the fruite and strayning the liquor, and it is kept in bottles.
456 1188 1772 1257 Having given you a taste of the Bread, and Drinke this Iland
410 1235 1775 1298 affords, which will serve any mans palate, that is not over curious; I
408 1295 1780 1353 could tell you what we have of both sorts that is brought to us from
408 1351 1775 1408 other parts of the world; as Biskets, both fine and course, Barrels of
410 1398 1775 1446 meale close put up; which comes to us very sweet from England, and
408 1442 1775 1504 Holland; of which we make Bread, Pye-crust, and Puddings. And for
408 1490 1775 1547 drink good English Beer, French and Spanish Wines, with others, some
403 1545 1773 1605 from the Maderas, some from Fiall, one of the Ilands of Asores; So we
405 1595 1772 1641 cannot justly complaine of want, either of bread or drink, and, from
405 1638 1772 1693 England, spirits, some of Anniseeds, some of Mint, some of Wormwood,
405 1677 1766 1742 &c. And from France, Brandy, which is extreame strong, but accounted
400 1729 803 1797 very wholsome.
456 1778 1772 1833 Having given you a just account, as neere as my memory will serve
403 1832 1760 1883 of the bread and drinke of this Iland: The next thing is the several
403 1878 1766 1941 sortes of meat we have there; and because Hogges flesh is the most
405 1929 1763 1995 generall meat, and indeed the best the Iland affords, I will begin with
405 1988 1766 2027 that, which is (without question) as good, as any can be of that kind:
405 2025 1772 2089 for their feeding being as good, as can grow any where, the flesh must
403 2077 1760 2133 needs be answerable; fruit, the nuts of Locust, Pompians of a rare kind,
400 2125 1770 2181 almost as sweet as Milions, the bodies of the Plantines, and Bonanoes,
396 2171 1333 2226 Sugar-canes, and Mayes, being their dayly food.
456 2217 1766 2278 When we came first upon the Iland, I perceiv'd the sties they made
396 2272 1763 2324 to hold them, were trees, with the ends lying crosse upon one another,
403 2315 1766 2380 and the inclosure they made, was not large enough to hold the
400 2367 1763 2428 numbers of Hogges were in them, with convenient distance to play
396 2413 1766 2468 and stirre themselves for their health, and pleasure; so that they were
405 2468 1763 2519 in a manner pesterd, and choakt up, with their own stinke, which is
405 2514 1758 2566 sure the most noysome of any other beast, and by reason of the Suns
400 2562 1756 2615 heat much worse ; I have smelt the stinke of one of those sties downe
396 2612 1758 2665 the wind, neer a mile, through all the wood: and the crouding and
396 2662 1758 2715 thrusting them so close together, was certainly the cause of their want
391 2706 1756 2763 of health, which much hindred their growth; So that they were neither
396 2754 1751 2806 so large, nor their flesh so sweet, as when they were wild, and at
403 2809 1199 2867 their own liberty, and choyce of feeding.
446 2845 1765 2912 For I have heard Major Hilliard say: that at their first comming
396 2895 1754 2962 there, they found Hogges, that one of them weighed (the intrals being
396 2948 1772 3036 taken out, and the head off) 400 weight. And now at the time of
1676 3000 1768 3077 my
1030 3022 1078 3054 K
1808 597 1996 689 Beveridge.
1797 761 1943 840 Wine of
1808 828 1921 892 Pines.
1797 1794 2003 1883 Meat of all
1789 1852 1907 1926 kinds.
