2479 3508
706 140 1727 238 BOOK I. CHAP. VIII.
2050 178 2169 255 109
285 259 2165 324 their interest, succeeded so well, as to obtain the order of his majesty
288 345 2158 431 in council before-mentioned; in consequence of which, several
278 414 2186 502 actions, that had been instituted, were stopped by noli prosequi;
278 490 2169 569 and the complainants obliged to fit down unredressed; but with
285 583 2165 654 this further agravation of hardship, that they had been entrapped,
283 642 2167 716 by the terms of the proclamation, to expend from two to three hundred
278 723 2179 797 pounds each, in the vain hope of bringing the offender to
285 806 2174 892 justice. The proclamation had restricted the delinquents to such
285 885 2174 956 fees alone, "as had been established on proper authority." But
278 968 2155 1030 they had no authority whatever, except their own will and pleasure,
274 1044 2167 1108 for establishing their exorbitancies; these were even founded
274 1116 2158 1201 neither on usage nor prescription; for I have shewn, that they
278 1197 2160 1270 had not existed above twenty-one years. They had originally arisen
278 1277 2167 1342 by trifling deviations from the act of 1711; so small at first, perhaps,
283 1346 2167 1430 as not to deserve opposition; or so modestly demanded, as
276 1439 2167 1501 not to provoke it: at length, they grew to surpass all limits, and
288 1511 2167 1582 were neither required, nor paid, without frequent altercation and
283 1591 2148 1670 dispute. Had this then any colour in it of legal usage? The only
278 1687 2167 1753 proper authority, on which their just fees could be established, was
278 1746 2167 1820 some known law: the law of 1711, which regulated and declared
274 1825 2158 1893 their fees, was this proper authority; there existed no other law
274 1905 2165 1989 for the purpose. With respect then to Jamaica, it follows, that,
274 1981 2153 2046 by the very terms of the proclamation, they were tied down to demand
274 2062 2158 2134 and take no other fees than what that law allowed them. Is
266 2129 2146 2224 it not strange, therefore, that, in less than a twelvemonth following
266 2212 2148 2295 this positive injunction, the opinion and judgement of things should,
276 2293 2143 2357 upon an interested misrepresentation, be so totally changed and perverted,
276 2386 2155 2443 as to suspend the effects of the proclamation; to concur-
269 2457 2153 2524 with the parties in deeming the law obsolete; and, further, even to
266 2538 2155 2598 ratify such exactions, intemperate as they were beyond all bounds"
255 2633 2167 2693 moving from their offices, and directing the attorney-general to prosecute, all such officers, or
255 2695 2148 2757 " their deputies, as should take or receive other than their legal fees." In July, 1763, his excellency
264 2762 2158 2814 informed the attorney-general, "that he must not proceed to trial of the informations
262 2814 2153 2869 " against the public officers, as a copy of the report of the lords of trade and plantations, to the
255 2869 2158 2923 " lords committee of the privy-council, was come to his hands; and that he daily expected, in"
255 2926 2143 2983 consequence thereof, an order from the king in council to himself, to put a stop to the prosecutions."
257 2992 2160 3045 Not long after this, the attorney-general received an official letter from his excellency, commanding
255 3054 2160 3102 him " to enter noli prosequi on all the informations; his majesty's order in council for
252 3097 928 3180 " that purpose being then arrived."
2072 3157 2158 3237 of
