3508 2479
671 113 810 196 168
993 115 1365 219 Pastry-Cook.
589 208 1624 297 put it into your Mixture boyling if
589 298 1618 370 you can, not leaving any thing at all
584 353 1508 435 in the bottome of the Porrenger.
653 425 1618 522 Mix well together all these ingredients,
580 497 1618 576 untill such time as this said
581 578 1618 649 mould or paste be wel nigh become
581 641 1615 713 cold, after which let it cool for the
590 711 1612 789 space of one half hour longer, and so
577 788 1616 856 let it grow to a stifnesse, and in the
585 849 1606 946 mean while you may prepare the
581 924 1612 1003 following leaven, which you must
577 995 1605 1082 begin to make one quarter of an hour
576 1068 1602 1156 after you shall have fitted your paste.
647 1139 1606 1218 Now to make this said leaven,
577 1207 1606 1292 you must place a quarter of a pound
581 1275 1607 1370 of flower upon your dresser board,
576 1345 1594 1442 and make a trench in it, and put in
575 1417 1597 1499 to it half a quarter of a pinte of
580 1488 1603 1570 good thick leaven, adde a little
576 1561 1603 1644 Milk or cream unto it, let it bee
572 1633 1606 1707 hot, that so you may reduce your
568 1724 1595 1786 said ingredients into a soft & gluish
582 1777 1584 1874 paste, which you may do in kneading
569 1844 1590 1930 of it well upon your dresser
563 1919 1597 2012 board; and having throughly kneaded
563 1989 1597 2091 your said paste, you may make
556 2065 1597 2156 it up into the shape of a loaf, and
1513 2145 1598 2220 let
2125 128 2505 228 Pastry Cook.
2680 132 2830 220 169
1857 213 2905 313 let it so rest for a quarter of an hour,
1862 298 2912 372 or thereabouts, or untill such time
1862 370 2912 442 as the leaven bee well risen, which as
1858 440 2905 539 aforesaid you may know, when your
1868 514 2919 603 paste beginnes to crack or split; and
1864 594 2911 658 you must remember to keep your
1865 645 2912 730 Leaven in an indifferent warm
1869 721 2047 811 place.
1921 793 2903 866 As soon as your said Leaven
1882 889 2891 957 beginnes to bee split, or to track at top,
1866 938 2909 1018 you must mingle it with the aforesaid
1858 1008 2900 1086 Paste; and working them very
1865 1082 2904 1171 well together, you may afterwards
1858 1153 2904 1234 make one mould of all the said paste
1868 1226 2907 1300 and leaven together, and make a
1865 1297 2905 1378 kind of a loaf of it; place it upon a
1858 1368 2905 1449 sheet of paper, and frame it into the
1862 1441 2901 1522 shape of a Cake, and give it about
1858 1508 2900 1595 a thumbredths thickness, after which
1868 1577 2903 1657 varnish it, and let it lye by, a good
1858 1650 2904 1735 hour in summer, and two hours in
1868 1722 2901 1802 winter, and put it into a place that
1868 1796 2339 1883 is not very cold.
1949 1864 2898 1963 When this your Cake is thus prepared
1868 1938 2894 2027 and ready to bee put into the
1866 2026 2891 2093 Oven, you may raise it into a Coffin
1862 2082 2896 2187 of paste, and slice the upper part
2824 2167 2915 2245 of
2303 2200 2369 2233 I
