3508 2479
1053 137 1217 236 [36]
611 255 1611 319 is clear that laying on of hands was visibly
617 324 1609 379 done, outwardly apparent, Simon saw it, surely
611 373 1618 439 then praier was vocal and apparent, they both
617 434 1616 525 did pray; and not as some would have it, one
626 498 1609 571 did pray vocallie, and the other mentallie.
617 575 1619 635 But some may quaerie further, did they lay on
617 620 1610 692 hands both at a time, viz. Peter and John?
629 680 1609 763 truly the text is not clear in that particular,
622 753 1626 827 onlie the text saith thus much, they laid on their
622 801 1621 872 hands on the Samaritans, they, in the plurall
633 867 1618 945 number. I shall say no more as to these circumstances,
629 930 1626 1019 I hope those which are judicious
638 994 1618 1064 will not stand upon such niceties as these are,
638 1064 1629 1140 but rather will mind substantials; and so I shall
638 1138 1624 1207 desire the Reader to make his progresse unto
635 1178 1621 1275 the next particular, and leave this unto
638 1258 845 1323 consideration.
951 1450 1353 1522 CHAP. IIII,
641 1490 1639 1603 Is concerning the ends wherefore laying on
709 1579 1633 1667 of ands it is to be administered upon baptized
703 1649 1060 1722 believers.
703 1696 1640 1796 I Am not ignorant that the whole weight of
646 1765 1642 1851 the controversie lies in the clearing up of
641 1844 1637 1926 this point, and why? because there hath been
648 1908 1643 1970 a great deal of difference amongst the people
1581 1978 1639 2012 of
2308 157 2418 251 [37]
1877 242 2868 323 of God, and that as to the ends wherefore
1880 321 2868 387 hands are to be laid upon baptized believers;
1877 371 2868 467 and also the ends wherefore they were laid upon
1882 442 2858 523 baptized believers in former times; the contention
1871 512 2861 571 about this point hath been so much the
1882 563 2864 635 stronger, because of some contrarie ends which
1877 628 2861 715 have been proposed by some in opposition unto
1871 692 2858 773 those right ends which I shall here lay
1874 745 2861 842 down. And because we may observe a right
1874 817 2864 905 order and method for the profit of all, I shall
1871 882 2858 946 therefore first lay down those ends which I
1871 945 2858 1025 judge to be of most strength and life for the
1871 1010 2855 1082 maintenance of what is formerly laid down;
1870 1074 2855 1131 And then I shall come in the next place to overthrow
1874 1131 2859 1211 those supposed ends which are
1867 1195 2363 1276 brought in by others.
1931 1258 2859 1323 In the first place I shall affirm, that one end
1864 1344 2858 1403 wherefore persons are to have hands laid on
1865 1387 2849 1450 them, is, that so they may be put into a further
1865 1443 2777 1531 capacitie of going on to perfection. I
1874 1505 2851 1586 would not here be mistaken, I do not say others
1865 1570 2858 1650 who have not subjected unto this principle
1867 1644 2859 1714 are no waies in a capacitie of going on to
1869 1690 2865 1758 perfection; But this is that I do affirm, namely,
1859 1762 2849 1842 that those baptized believers who have
1861 1816 2859 1899 subjected unto this truth, are put into a further
1862 1884 2859 1970 way of capacitie of going on to perfection, and
1854 1947 2858 2011 therefore this is one end wherefore it is to be
2737 2011 2859 2075 sub-
2331 2007 2447 2091 D 3
