2479 3508
1131 195 1310 360 ( 101 )
423 348 1984 485 used by those who wish to prolong life; because
423 447 1997 572 it will not suffer the humours, nor the
423 543 1417 672 food, in the body to putrify.
503 628 1995 763 POMET says, "The white and red sugar-
417 737 1995 851 candy are better for rheums, coughs, colds,
417 837 1995 964 catarrhs, asthmas, wheezings, than common
417 938 1991 1028 sugar; because, being harder, they take longer
415 1016 1997 1123 time to melt in the mouth, and keep the throat
411 1115 1995 1244 and stomach moister than sugar does. Put
415 1204 1997 1344 into the eyes, in fine powder, it takes away
411 1310 1991 1431 their dimness, and heals them being bloodshot;
405 1425 2003 1518 it cleanses old sores, being strewed gently on
415 1497 1995 1650 them." Histoire général des Drogues, Lib. II.
417 1578 1075 1743 cap. 38, anno 1694.
481 1751 1999 1890 LEMERY gives nearly a similar account of
405 1876 2003 1984 sugar; but says it is hurtful to the teeth, and
417 1972 1989 2099 causes vapours. Traité Universel des Drogues
401 2073 1039 2226 Simples, anno 1693.
485 2224 1980 2389 HERMANN says, "Sugar consists of a sweet
405 2349 1978 2466 soft mucilage, and an agreeable sharpness;
403 2466 1986 2580 from whence it becomes an aliment as well as
403 2540 1984 2649 a medicine. The Indians boil it in water with
409 2653 1980 2745 a small quantity of flower for nourishment.
405 2741 1980 2844 It promotes urine, and is specific in coughs,
401 2842 1986 2989 hoarseness, sharp humours, and other diseases
405 2936 863 3069 of the lungs."
1813 3013 1982 3148 It
1103 3025 1296 3188 H 3
