2479 3508
1147 255 1317 357 (824)
675 409 1499 501 — Primo avulso non deficit alter
675 479 1626 566 Aureus, & simili frondescit virga metallo.
355 596 2104 672 The whole complex of Ingredients is known to consist only of vulgar Aqua
363 672 2102 749 fortis (abstracted from two parts of Vitriol, and one of Salt-peter) and
361 736 2107 801 Quick-silver, and a small quantity of Silver, far less than you may reap in
361 797 2096 881 a small time from those Silver-sprigs; yet gain there is none, there being
359 862 2089 929 more expences blown away into smoak by continuance of fire in one month,
361 925 2104 990 than can be recover'd from this Silver-harvest in a longer time. And though
363 997 2096 1084 this seem but a toy, yet 'tis very Philosophical, much informing the understanding,
353 1066 2087 1119 however it enrich not the purse. For here we see crude Mercury
353 1134 2096 1182 manifestly turn'd into Silver, notwithstanding 'tis deny'd by so many.
418 1236 2102 1310 So far this generous observer for this time; with the last part of whose
361 1321 2100 1375 relations may be compared Numb. 39. p. 779, 780. 'Tis hop'd, that
359 1367 2098 1439 hereafter more particulars of this Curious Traveller, concerning both the
361 1434 2100 1508 Subject, he hath here begun to discourse of, and others of a Philosophical
353 1521 1378 1589 nature, will be further communicated by him.
949 1641 1262 1721 An Account
516 1741 2098 1826 Of some particulars, referring to those of Jamaica, Numb. 27. and
644 1830 2096 1898 36, Communicated by Mr. Norwood the younger, an Eyewitness.
353 1993 2098 2087 1. ALlegators are shap'd like Lizzards, being four footed they walk
427 2067 2089 2148 with their Belly at distance from the ground, like Lizzards. Those
361 2126 2096 2202 of a full growth, have Teeth like a Mastiff, and a Mouth of 1 1/2 foot wide.
359 2183 2080 2272 They are of so strong a scent, that you may smell them at a pretty distance,
359 2272 2080 2324 when they lie on the land. They may be master'd and kill'd by any, dextrous
353 2324 2091 2385 and skill'd in the way of doing it, which is, that a Man be arm'd with
361 2396 2080 2455 a good long Tronchion, and fall upon them side-wayes; for doing it
361 2464 2087 2522 frontwayes, they are too nimble for the assailant, and may, by leaving upon him,
368 2507 2087 2590 (which they can do the length of their whole Body) spoil him: but if he
359 2575 2091 2655 lay his Club on them against their shoulder, and behind their fore-feet, and
355 2638 2089 2720 lame them there, the beast being thereby rendered unable to move, is easily
357 2716 577 2792 subdued.
418 2757 2094 2844 2. Tortoises, if their blood be heated, they dye, and if they shall
359 2842 2094 2907 live, their blood must not be hotter, than the Element, they live
357 2910 442 2979 in.
433 2958 2089 3045 3. The Chego's, described by Ligon, are not felt to have got into the
355 3018 2087 3099 body, till a week after. They will breed in great numbers, and shut themselves
