2479 3508
114 133 435 260 Chap. XVI.
617 118 1154 258 AMERICA.
1670 131 1778 275 341
146 1361 1702 1484 Commander, who upon their first arrival here committed such horrid Cruelties
137 1465 1699 1539 and Massacres, that (as the fore-mention'd Bartholomeo de las Casas writes) five thousand
137 1522 1706 1585 Inhabitants were in a short time reduc'd to less than three hundred, multitudes
137 1583 1704 1651 being put to death in a most inhumane and barbarous manner, some roasted alive,
144 1638 1708 1697 others torn in pieces by the Spanish Dogs, besides many other studied ways of Butchery,
137 1693 1704 1761 too dreadful to be read with patience; nor were they free from Civil War
144 1752 1146 1809 amongst themselves, which first began in this Island.
1726 1811 1871 1860 Attempts of
1714 1850 1850 1888 the English
1725 1872 1839 1930 upon this
1718 1904 1803 1972 Island.
203 1773 1726 1859 The first and onely Attempters upon this Island since the Spaniards made themselves
144 1854 1725 1928 Masters thereof, have been the English, who in the Year 1592. under the Conduct
148 1915 1716 1991 of Sir Anthony Shirley Landed upon it, & got clear possession thereof, none of the
152 1962 1718 2031 Spaniards that were then upon the Place daring to make the least resistance, but not
150 2031 1716 2090 thinking it worth the keeping, they soon deserted it, and made Sail back again for
152 2084 1716 2150 England: after which they remain'd unmolested for a long time, till in the Year
150 2145 1716 2203 1654. a Fleet of English was set out for Hispaniola by Cromwell, under the Command
150 2198 1716 2253 of Colonel Venables, with a Design for the taking of St. Domingo; but meeting with
152 2245 1716 2319 ill success in the Enterprize, and being forc'd to quit that Island with loss of Men,
150 2306 1723 2370 and frustration of their hopes, they steer'd their Course for Jamaica, and on the
152 2357 1714 2429 tenth of May in the Year abovesaid, with little opposition possess'd themselves of it.
156 2420 1721 2482 Upon their approach to St. Jago the Inhabitants thereof deserted it, and betook
152 2467 1721 2543 them to the Mountains, gaining time by a pretence of Treaty, to secure their Women
152 2539 1725 2594 and Goods; and oftentimes making Incursions upon the stragling Parties of
150 2591 1725 2653 the English, slew and took many Prisoners by surprize: but being weary of this
150 2649 1725 2710 wild and irregular kind of living, they betake themselves at last to the Isle of Cuba,
156 2710 1718 2767 where many of them, the Grandees especially, were permitted by favour to continue,
152 2754 1716 2828 the rest being by the Vice-Roy commanded back, with promise of speedy
146 2807 1718 2879 and considerable Supplies; by that time this remnant of the Spaniards was near
142 2875 1723 2934 tir'd out with hardship and necessity, some being very much discourag'd and driven
144 2925 1716 2995 to utter despondence of Mind, others destroy'd out-right, part of the long promis'd
137 2978 1721 3061 and expected Supply arrives, the greatest part being to follow soon after, but
1566 3044 1725 3128 finding
