2479 3508
905 281 1467 419 the Slave Trade.
1842 287 1943 419 15
425 404 1937 531 ever, that the sentiments of christianity,
433 524 1932 660 where they have spread, have actually operated
431 647 1937 750 to the emancipation of slaves in a very
436 732 1935 844 great part of the western world, which
433 839 1949 930 once abounded with them; and those that
436 943 1937 1053 yet remain in the eastern parts of Europe,
427 1036 1945 1146 there is reason to think will obtain the
431 1138 1951 1252 same favour, and by the same means, in due
421 1241 1941 1366 time. Thus Christ may be said, in a
421 1376 1937 1452 literal sense, to have preached liberty to the
419 1482 1941 1565 captives, by his religion leading to the
427 1556 1241 1679 emancipation of slaves.
514 1645 1932 1789 Christianity teaches us to consider all
431 1770 1932 1882 mankind as brethren, equally the subjects of
427 1886 1935 1998 God's moral government here, and alike
425 1968 1920 2087 heirs of immortality hereafter. Now,
427 2070 1916 2201 whether it can be proved that these principles
440 2186 1937 2305 necessarily lead to the emancipation of
421 2281 1928 2412 slaves or not (any more than they lead to
421 2387 1928 2488 take away all inequalities among men, those
419 2482 1916 2609 of rich and poor, masters and servants, &c.)
421 2594 1920 2706 yet they will certainly lead us to give every
416 2700 1926 2816 individual of the human race equal, at least
416 2801 1924 2915 sufficient, advantages for improving his nature,
416 2905 1918 3034 and preparing for a future state.
1825 3002 1932 3095 In
