2479 3508
1347 88 1493 254 ( 14 )
513 232 2282 398 very soon become the principal carriers of
501 353 2307 517 the Indian seas, and, in a great degree, the
495 465 2291 630 medium of conveyance from India to Europe.
625 591 2280 758 In the accompanying statement, marked A,
495 713 2300 879 you will perceive, that they can furnish
492 850 2282 965 tonnage for £5. 6s. 0 5/8d. per annum, of course,
504 938 2273 1113 if their European cargo is charged with even
497 1061 2271 1221 nine months freight, or £3. 19s. 6d. or say
492 1174 2282 1331 in round numbers £4; they can sell all goods
486 1286 2264 1435 they export from hence to Europe £11 per
483 1381 2271 1527 ton cheaper than we can, independent of
479 1493 2269 1603 duties and a choice of markets; which, applied
477 1601 2269 1738 to the before-mentioned calculate for
479 1720 2217 1880 the port of Ostend, gives them an advantage
483 1835 2264 1965 beyond what I have stated, in favor of the
486 1945 2280 2082 Ostend trader, on 800 tons of Sugar, in the
474 2058 2271 2181 sum of £4,800, or £27,617 more profit than
474 2177 2264 2330 the English merchant trading to the port of
474 2300 857 2397 London.
580 2397 2258 2584 It has been well observed, that no arguments
468 2528 2255 2676 can resist the logic of facts, nor
470 2656 2260 2813 will any barriers which policy may oppose
468 2775 2255 2867 in support of artificial advantages, resist the
448 2869 2253 3036 natural force of things, which in commerce
465 2977 2262 3126 is profit; and, as our laws cannot
472 3106 2249 3216 bind the Americans, they will speedily
1860 3234 2255 3348 supercede
