2479 3508
944 206 1253 243 ( 71 )
363 267 1813 370 merce and prosperity of the empire at large;
363 381 1804 485 and * "for obtaining from our own colonies,
363 485 1813 597 what foreigners were wont to supply at far
363 606 763 685 dearer rates."
467 799 1811 889 The Merchants themselves admit this to
370 915 1811 999 have been the principle and intention of the
361 1021 1807 1124 statute of 7 and 8 W. III. (one of those adduced
370 1124 1816 1228 in their legal claim) "which, like most
370 1228 1811 1326 of the other old plantation Acts, is in such case
370 1333 1816 1443 rather directed to considerations of navigation
379 1439 1811 1548 which required to be extended in their operation,
372 1546 1807 1627 than to views of colonization, which required
375 1654 1813 1750 to be more definite and circumscribed
375 1762 1813 1876 in their nature: and perhaps the idea of colonies
375 1874 1807 1981 and plantations taking root in other quarters
375 1973 1816 2060 of the world, was not so far abandoned at
372 2085 1813 2190 that period as it was afterwards, as to make it
372 2192 1786 2293 seem advisable not to provide room for them." †
384 2294 1820 2395 Our political readers must determine whether
381 2399 1822 2507 the general national considerations here stated,
384 2513 1811 2614 ought ever to be lost sight of in acts of regulation
381 2615 1771 2716 and revenue; they are solicited moreover to
1575 2718 1825 2812 observe
581 2863 1196 2956 * See Legal Claim, p. 13.
1358 2870 1622 2956 † Ibid. 5.
