2479 3508
1158 312 1717 410 Of India in generall, &c.
1910 314 2127 426 CHAP.I.
762 442 2125 515 They hold the World to be created, corruptible, round, ruled by the high God. Water
758 494 2123 563 they imagine to have beene the beginning of making the World; and that besides
758 537 2119 611 the foure Elements, there is a fifth Nature, whereof the Heaven and Starres consist.
770 585 2125 685 They intreate of the immortalitie of the Soule, and of the torments in Hell, and many
758 633 1065 696 such like matters.
617 328 738 414 454
531 649 758 728 k The Indian
539 720 693 788 Germanes.
812 681 2117 754 The k Germanes, another Order of religious or learned men, are honored amongst
768 720 2119 786 them: especially such of them as live in the woods, and of the Woods, both for their
764 772 2125 842 diet of those wilde fruits, and their habit of the barkes of trees, not acquainted with
764 822 2119 890 Bacchus or Venus any more then with Ceres. They speake not to the Kings, when they
764 868 2115 941 aske counsell of them, but by messengers; and doe pacifie the angrie gods, as is supposed,
764 909 1150 973 by their holinesse.
814 947 2119 1025 Next in honor to these, are certaine Mendicants, which live of Rice and Barky
770 1003 2123 1065 which any man at the first asking giveth them, together with entertainment into their
764 1053 2125 1118 houses. These professe skill in Physicke, and to remedie diseases, wounds, and sterility;
770 1096 2125 1154 very constant in labour and hardship. Others there are, Inchanters and Diviners, Masters
764 1144 2125 1196 of ceremonies about the dead; which wander thorow Townes and Cities. Some
768 1184 2123 1246 there are more civill and secular, in their life professing like pietie and holinesse. Women
764 1232 2119 1294 also are admitted unto the fellowship of their studies in this Philosophie, not to
764 1280 2127 1337 their beds. Aristobulus writeth, that he saw two of these Brachmanes, the one an old
768 1325 2123 1383 man shaven, the other yong with long haire, which sometimes resorted to the Marketplace,
774 1375 2125 1433 and were honored as Counsellors, and freely tooke what they pleased, of any
774 1417 2125 1481 thing there to be sold, for their sustenance. They were annointed with Sesamine oyle,
780 1463 2123 1520 wherewith, and with hony, they tempered their bread. They were admitted to Alexanders
770 1512 2125 1570 table, where they gave lessons of patience 1: and after going to a place not far
780 1558 2125 1612 off, the old man lying downe with his face upward, sustained the Sunne and showers
774 1604 2125 1658 terrible violence. The yonger standing on one foot, held in both his hands a peece of
776 1648 2127 1697 wood of three cubits lifted up, and shifted feete, as the other was wearie: and so they
770 1695 2131 1745 continued every day. The yong man returned home afterward, but the old man followed
774 1745 2131 1793 the King, with whom he changed his habit and life, for which, when as he was
770 1789 2125 1843 by some reproved, he answered that he had fulfilled the fortie yeares exercise, which
776 1833 2131 1890 he had vowed. Onesicritus saith, that Alexander, hearing of some religious Observants,
780 1875 2131 1930 which went naked, and exercised themselves to much hardship, and would m not come
776 1920 2129 1978 to others, but would bid men, if they would have any thing with them, to come to
782 1970 2125 2020 them; sent him unto them, who found fifteene of them twentie furlongs from the
780 2012 2131 2068 Citie, each of them obseruing his owne gesture of sitting, standing, or lying naked, and
770 2062 2131 2115 not stirring till Sun-setting, in that unsupportable heate, at which time they returned
776 2109 2131 2167 into the Citie. Calanus was one of them. He afterward followed Alexander into Persia,
780 2155 2131 2207 where beginning to be sicke, he caused a great pile or frame of wood to be made,
780 2199 2135 2253 wherein he placed himselfe in a golden chaire, and caused fire to be put to, in which he
776 2245 2137 2298 was voluntarily consumed, telling (if they tell true) that he would meet Alexander at
773 2290 2137 2341 Babylon, the place fatall to Alexanders death. AElianus n faith, that this was done
780 2334 2137 2400 in a suburb of Babylon, and that the fire was of Cedar, Cypresse, Mirtle, Laurell, and
782 2384 2135 2436 other sweet woods: and after he had performed his daily exercise of running, he placed
784 2428 2137 2482 himselfe in the middest, crowned with the leaves of reedes, the Sunne shining on
782 2476 2135 2527 him, which he worshipped. This adoration was the signe which he gave to the Macedonians
780 2519 2137 2573 to kindle the fire, in which he abode without any stirring till he was dead;
782 2565 2137 2627 Alexander himselfe admiring, and preferring this victory of Calanus before all his
786 2613 2137 2669 owne. This Calanus told Onefieritus of a golden world, where meale was as plentifull
780 2657 2131 2716 as dust, and fountaines streamed milke, hony, wine and oyle. Which Countrey, by
786 2694 2141 2762 men turned into wantonnesse, Iupiter altered and detained, imposing a life of hardnesse
786 2748 2141 2804 and labour, which while men followed, they enioyed abundance; but now that men
786 2792 2141 2850 begin to surfet and grow disobedient, there is danger of universall destruction. When
786 2844 2141 2893 he had thus spoken, he bade him, if he would heare further, strip himselfe, and lye naked
775 2884 2149 2944 upon these stones. But Mandanis, 9 another of them, reproved Calanus for his
779 2929 2149 2991 harshnes, and, commending Alexander for his love to learning, faid that they inured
782 2979 2147 3067 their bodies to labour for the confirmation of their minds against passions. For his
2046 3023 2145 3088 nakednes
541 1483 748 1570 1 Practise of
549 1560 756 1626 prescribed patience.
543 1853 734 1944 m The like
547 1930 750 1980 stubbornnesse
547 1970 754 2036 is yet in their
541 2008 675 2076 Joghies.
547 2295 773 2342 n AElian. Var.
547 2342 740 2404 bahb 5. cap. 6.
549 2895 775 2947 6 Arr. calleth
549 2944 779 2993 him Dandanis.
553 2983 653 3053 lib. 7.
