2479 3508
1046 358 1214 471 [43]
507 457 1808 550 Countrymen, what a woful Situation you
507 553 1808 623 are now in: I am well acquainted with the
511 620 1810 707 Gentleman who governs this Island, and
507 702 1802 779 with most of the white Inhabitants of
511 766 1805 861 Note, and can assure you from them, that
507 861 1808 946 you will all be forgotten on your Submission,
501 923 1811 1008 and treated in much the same
504 1003 1795 1082 Manner as the Negroes are who have
507 1083 1811 1167 continu’d in their Obedience. To be return'd
504 1157 1797 1247 to Africa you will not desire, for the Reason
507 1230 1808 1324 I just now gave; and if the good
504 1311 1797 1399 People of England shou'd dislike your being
501 1394 1797 1478 replac'd in a State of Servitude here, I
511 1492 1805 1548 can only say, that then the safety of this
504 1548 1805 1640 Island will not suffer you to remain upon
504 1620 1805 1730 it; and then I shall humbly propose, that
504 1702 1816 1797 you may be all sent forthwith, or as soon as
511 1785 1810 1865 Transports can be provided, to England.
507 1854 1811 1972 Hands, well employ'd, are said to be the
511 1931 1805 2026 Riches of a Place; and sure you may be
502 2031 1803 2107 trained up as easily to the Plough, feeding
501 2093 1800 2184 of Cattle, carding and spinning of Wool,
504 2175 1798 2243 beating of Hemp, or the like, as the
507 2243 1800 2335 Negroe-Slaves here are to the Sugar Manufacture
507 2325 1795 2422 ; and as I know you would gladly
514 2404 1798 2477 work the first seven or fourteen Years for
502 2484 1797 2580 bare Foot and Raiment, your Labour
515 2556 1808 2639 wou’d, without doubt, over-balance both
504 2643 1805 2723 that, and the Charges of transporting you
511 2719 1805 2795 thither. But to be plain, the English Laws,
504 2782 1805 2863 here and every where else, are such, that
506 2855 1802 2965 Ravishers, willful Munderers, &c. are uncapable
1116 2947 1283 3048 G 2
