3508 2479
654 44 759 131 184
837 49 1671 139 The suffering, or, Passive Conscience.
589 168 782 233 Cap. 13.
592 524 769 597 Eccl. Hist.
586 580 758 649 l. 5. cap. 1.
580 797 782 848 Socrat. hist.
583 855 782 924 1.3. cap.13.
578 1512 782 1550 Theodoret
575 1570 782 1620 lib. 3. cap. 6.
782 165 1714 235 Some were hanged, some headed, some were
782 217 1713 293 burned, some drowned, some devoured of wilde
789 275 1710 341 beasts, some pull'd in pieces by men more savage
789 340 1710 414 then beasts, yet they did all bear it, and
780 400 1709 468 rejoyced they suffered for Conscience, and for
792 452 1707 523 God. Attalus and Alexander were twice
799 511 1706 571 bayted with wilde hearts, to be torn in pieces
796 564 1707 640 by them, (as Eusebius reports) Attalus escaping
792 628 1707 699 the beasts, was reserved to other torments,
783 682 1707 751 to be burnt to death in an iron chair,
789 735 1707 802 heated red-fire-hot, yet did hee bear all.
782 793 1712 876 Macedonius, Theodulus, and Tatianus laid
782 856 1707 933 upon a Gredyron, and broiled to death; yet
789 916 1710 985 did they bear it. Marcus Arethusius was
783 972 1712 1028 stripped naked, then had his bodie all
783 1027 1702 1099 overdaubed with Broth, Butter, and Honey, then
783 1088 1702 1154 hung up in a Cage in the hot scorching Sun,
780 1144 1710 1216 to be eaten up with flies, and stung to death
787 1209 1710 1266 with wasps, yet did he suffer all rather then
786 1259 1707 1323 give one half-peny to re-edifie that Idol
783 1320 1705 1369 Temple in his diocess, which he had formerly
778 1382 1706 1443 plucked down. To be eaten up with flies,
778 1436 1702 1512 and stung with wasps he did account farre
782 1490 1707 1559 more desirable, that he might preserve his
782 1547 1705 1619 Conscience in Puritie and Peace, then to bee
778 1609 1710 1667 eaten up of horrour, and stung with Hornets, if
778 1661 1713 1740 to preserve his life, he had delivered up his
778 1721 1707 1778 Conscience. There were many Christians
782 1779 1706 1841 together stopt up in Lakes, or Caves artificially
778 1844 1710 1895 made close, which lakes, or Ditches
782 1891 1707 1953 were filled with a companie of Dormise, kept
782 1951 1714 2013 hungrie to gnaw and feed upon the poor
782 2003 1710 2076 Christians, they all the while bound hand
1617 2061 1709 2151 and
1831 34 2648 137 The suffering, or, Passive Conscience.
2741 54 2864 141 185
2721 183 2912 265 Cap.13.
2718 231 2887 307 Mag. Cent.
2719 285 2854 338 4. cap. 3.
2718 331 2909 393 Ex
2723 403 2793 436 Theodoreto.
2707 1443 2874 1516 Latrones,
2709 1493 2881 1558 & robusti
2708 1559 2899 1614 corporis viri
2709 1598 2902 1660 ejusmodi
2708 1648 2864 1717 lacerationes
2695 1695 2902 1758 perferre
2709 1731 2858 1796 nequeunt,
2706 1792 2888 1843 exclamant,
2706 1835 2906 1891 & gemitus
2699 1882 2836 1938 edunt;
2706 1929 2881 1989 Nostri autem
1778 1971 2910 2023 (ut de viris taceam) pueri, & muliercule tortores suos taciti vincunt,
1788 2029 2843 2086 & expromere illis gemisum nec ignis potest. Lact. I. 5. cap. 13.
2617 2072 2715 2137 But
1789 175 2721 231 and foot, that they could not keep off those
1788 228 2718 283 hunger-starved creatures, which were kept
1791 266 2719 340 without meat also purposely, that they
1781 334 2718 399 might fasten upon the bodies of those godly
1791 382 2702 451 men; which lingring and miserable death
1791 449 2708 509 they under-went, yet was not their faith and
1793 502 2701 583 patience at all born down, saith the Historian.
1781 576 2709 633 They chose much rather to lie in such
1781 616 2699 693 a Lake artificially stopt, and to be eaten up
1785 673 2710 740 alive with those Vermin, their Conscience
1781 734 2710 800 being preserved, then to yeeld up this Fort
1785 785 2699 862 of Conscience for fear of any earthly
1781 847 2705 917 torments, to be eaten up while alive with guilt
1785 917 2709 978 and horrour of Conscience. And when dead,
1779 961 2699 1035 to be bound hand and foot, and cast into an infernal
1775 1020 2703 1086 Lake of fire and brimstone, eternally
1781 1072 2702 1141 stopt up, there to be conversant with filthy
1789 1130 2702 1216 spirits, and to be eaten up with those hellish
1781 1196 1909 1262 furies.
1823 1233 2705 1326 Yea, to make an end, for it is impossible
1775 1310 2705 1365 to mention all, Lactantius saith not onely
1788 1368 2710 1434 the men among the Christians, and those of
1779 1426 2707 1490 stronger years and hearts, but even our
1788 1481 2709 1555 woman, and little children (saith he) have
1786 1547 2708 1611 endured all torments, and been too hard
1775 1598 2709 1657 for their Tormentors; no rack, no fire could
1778 1649 2708 1723 fetch so much as a groan from them: which
1781 1714 2709 1775 the stoutest Theeves and Malefactors among
1775 1762 2706 1839 their Persecutors could not undergo, but
1788 1827 2706 1899 they would roare and crie out through impatience,
1793 1881 2637 1967 and disabilitie to endure them.
