3508 2479
722 78 898 163 (10)
211 147 1308 227 this Medicine. Price four Shillings the Bottle.
401 271 1212 355 VI. Pulvis Antifebriticus Noster:
484 337 1128 420 Or, our General Febrifuge.
311 415 1396 483 AN admirable pouder against Fevers of
442 473 1393 546 all sorts: A few Doses thereof (with the
221 545 1393 604 use of the other Medicines) takes off the Fever beyond
227 602 1389 669 Expectation. 2. It is something Sudorifick,
221 661 1390 732 but for the most part works downwards first, and afterwards
215 752 1386 819 provokes Sweat; it is a prevalent remedy
216 794 1386 857 against putrid Fevers, Measles, Small-pox, Calenture,
216 860 1396 944 Spoted-fever, and other venemous Diseases.
216 923 1387 985 3. It is good against the Green-sickness, Dropsie,
216 987 1387 1048 Melancholly, Scurvy, Jaundice, and its profitable
230 1048 1393 1131 in Hectick Fevers. 4. It resists Putrifaction,
218 1115 1400 1178 fortifies the Stomach, corrects Crudities, purifies the
216 1185 1384 1243 blood, cleanses the Bowels of filth and viscous
216 1238 1003 1322 Humours, by a gentle Purging way.
414 1297 1206 1371 The Dose and manner of Using it.
423 1368 1393 1439 LEt the Patient drink plenty of our Aq.
471 1434 1390 1499 Vitæ Mag. according to the directions
221 1496 1393 1571 in its place: give a Dose of pouder in the Morning,
222 1570 1402 1643 and at Evening for 8, 12, or 16, days as you see
221 1618 1399 1701 occasion, more or less; you may give it in form of
225 1682 1396 1748 a Bolus in a little Marmalade of Quinces, or pulp of
230 1738 1393 1811 Pruens, Jelly of Harts-horn; or it may be exhibited
221 1810 1390 1892 in a Glass of Canary, or a spoonful of Syr. of Saffron,
236 1864 772 1948 or Clove-Gillyflowers.
1100 2057 1400 2140 VII. Aqua
2668 107 2832 196 (11)
2355 230 3075 327 VII. Aqua Ruba Mineralis.
2138 297 3304 433 IS an excellent Medicine of a preservative Nature,
2262 367 3300 483 of great benefit in the plague, and other contagious
2125 445 3300 548 distempers; particularly against the burning
2131 496 3287 611 thirst in Fevers: Good against Coughs, Shortness
2128 571 3304 674 of Breath, Prysick, the diseases of Throat and
2117 636 3298 736 Mouth; as Angimas, Strumas, Inflammations of
2119 683 3303 795 the Pallate, or Uvula of the Mouth, Thrush in
2116 757 3293 858 Children, Quinsies, and such like Inflammations; as
2116 803 2826 903 also for an unsavory Breath.
2471 888 2924 990 It's Use and Dose.
2112 939 3275 1066 For Thrushes or sore Mouths in sucking Children,
2122 1000 3275 1131 or any foulness of the Tongue, or Throat, 2,
2107 1084 3272 1179 3, or 4 drops dropped into a little White-wine, or
2100 1125 3278 1237 Plantain-water, sweetned with a little Honey of
2100 1190 3269 1299 Roses, and so drink it, and wash their Mouthes
2104 1268 3266 1368 with the same; for People of riper Years, they must
2098 1315 3263 1434 Gargle their Mouths with it; it being composed to
2084 1378 3259 1506 a Gargarism with White-wine, or Plantain-water,
2084 1462 3253 1577 and dulcified with Syrup of Mulberries, or Honey
2089 1518 3262 1620 of Roses; often taking from 6 drops to 40, or 50, in
2081 1577 3256 1682 Beer, White-wine, or Plantain-water. For the
2084 1629 3253 1745 burning Thirst in Fevers, give from 6 drops to 40
2078 1696 3247 1819 or 50, or half a Spoonful in so much Beer, or Ale,
2078 1773 3250 1867 that it may tast sharpish of the Medicine; if the
2079 1824 3228 1947 Fever be violent, it may be given 3 or 4 times in 5
2075 1898 3241 1994 or 6 hours space; but in continual Fevers it may be
2072 1954 3234 2050 given as often as the party desires to drink, observing
2069 2019 3244 2110 in such cases to take often to procure Sweat, of
2054 2091 3234 2195 my Elix. Magnum Cordialis, and at Night to take
3188 2212 3245 2243 a
2602 2154 2714 2235 B 3
