3508 2479
334 52 499 155 196.
718 63 1467 163 Natures Explication,
510 159 1567 242 Eusorbium must do what Cochipils
514 243 1585 330 will not: Opium must do what Lettice
503 304 1565 394 posset will not; but first it must
511 382 1574 466 be mixed up into a ridiculous Laudanum;
507 459 1570 557 Colocyntida & Scammony must
506 531 1567 610 effect what Manna, Sene & Rhubarb
506 602 1563 681 will not: O brave Doctors! O capita
510 684 1555 778 Helleboro digna! yet you are
511 761 1553 868 the men that cry out against
503 826 1207 898 poysons.
523 902 1571 1009 As though Scammony, Colocyntida,
511 988 1555 1075 Elaterium, Esula, Euphorbium, Ialapium,
510 1049 1547 1147 Bryony, Asarum, Aaron, Hellebore,
507 1121 1569 1227 and such like, as Cambogia, &c.
515 1203 1567 1274 were not absolute Poysons. O but
507 1283 1569 1372 they are tempered by the Art of the
511 1355 1562 1427 skilful Doctor. Good words cost
509 1431 1550 1507 no money, I wish it prove so. But I
507 1519 1565 1595 pray Mr. Doctor if it be so, what
509 1570 1543 1665 means the bleating of the sheep? I
503 1643 1545 1750 mean, what is the reason your Medicaments
509 1722 1542 1818 retain their vomiting quality
503 1785 1547 1874 with convulsions of the stomach
502 1878 1546 1962 which have Hellebore mixed, and
498 1949 1547 2059 their purging quality with gripings
1418 2028 1553 2108 and
1966 63 2743 163 and Helmont's Vindication.
2925 65 3064 155 137
1838 172 2886 250 and such symptomes that have Scammony
1844 243 2900 327 mixed: thus you use to correct
1841 319 2902 403 poysons, thus you intend to cure
1844 392 2820 475 diseases. Minervam crassissimam!
1906 473 2906 563 But as a Jugler when his seats are
1841 546 2912 611 discovered, so you by this means become
1841 617 2909 692 ridiculous: you know the serious
1841 698 2890 786 check the Frog in Aesop received;
1838 770 2896 850 who as you do, would pretend
1841 841 2908 932 to be a Doctor, Cur tibi ipsi labra
1841 914 2464 995 livida non curas?
1889 984 2896 1059 Coughs, Colds, Murres, Hoarsenesses,
1850 1060 2897 1139 Head-aches, Tooth-aches and
1846 1136 2909 1236 the like; nay oft-times the simple
1853 1218 2906 1287 Itch and Scab, doth reproach you
1846 1291 2902 1371 at home, and outdare you abroad,
1862 1362 2906 1442 and what is your excuse? they are
1858 1434 2224 1522 trivial cases.
1877 1505 2900 1603 By which it appears, that if other
1858 1593 2914 1658 diseases should become as common
1853 1658 2913 1727 as these, they would all be too mean
1853 1730 2906 1802 for the Doctors reverence; and good
1856 1802 2909 1898 reason, because they are above his
1865 1874 2132 1970 abilities.
1940 1952 2913 2060 Though you name Mountebanks
2762 2025 2918 2100 with
