2479 3508
638 271 789 384 [85]
68 337 1395 462 or que con ella no es menester, pan, ni carne, ni
71 438 1390 535 ebida: y en une momento se hase y sacona, lo
71 508 1384 631 ue no ai en las otras. 'It is good alone to
56 601 1383 706 make up a breakfast, and supply other victuals;
74 680 1388 777 because, having it, you need no further
76 740 1393 836 meat, bread, or drink: and in a moment it
76 814 1396 939 is prepared, which is not to be found in
83 912 298 1010 others.
118 927 1403 1076 Dr. Juanes de Cardenas concludes thus of
73 1049 1396 1148 <missing/> Y digo, que usado con esta advertencia, sera
83 1122 1396 1229 e mucho provecho para la salud, y es bastante
80 1197 1400 1296 alargar los dias de la vida; por que fuera
80 1298 1400 1381 le que da buen sustento al cuerpo, ajuda agestar
76 1371 1400 1452 l mal humor, vacuandole por sudor hieses, y
80 1437 1405 1530 rina: y digo otra ves, que entierra ninguna
140 1501 1410 1611 mas necessario, que en las Indias, por que
83 1589 1398 1681 como es humida, y dexativa, andan los cuerpos,
100 1679 1395 1770 estomagos Ilenos de flemas, y de superflua
74 1730 1396 1830 hunidad, laqual con el calor del Chocolate, se
83 1813 1398 1911 uesse, y convierte en sangre, lo que no hace el vino:
52 1884 1412 1995 por que realmente antes se azeda, con la
74 1973 773 2068 Flema, y suele abitar mas.
164 2051 1413 2158 'And I say, whosoever takes it with the
100 2114 1412 2219 cautions, and directions aforesaid, takes it
107 2204 1415 2292 with much benefit, and it conduceth much
86 2266 1408 2359 to the lengthening of his life; and the reason
107 2341 1415 2446 is, because it yields good nourishment
98 2420 1412 2513 to the body, it helps to digest ill humours,
95 2496 1412 2613 voiding the excrements by sweat, and urine:
105 2579 1398 2684 and I say, it is no where more necessary
88 2656 1417 2767 then in the Indies, which are moist, and apt
95 2742 1410 2830 to create lassitudes, their bodies there being,
93 2794 1425 2957 together with their Stomachs, full
1344 2870 1440 2962 of
858 2894 971 2996 G 3
