2479 3508
1047 411 1146 539 ( 25 )
493 513 1678 675 portion to that in the Avon, I think no doubt
499 627 1679 752 can be entertained of the certainty of contriving
499 697 1696 821 means to discharge it; for Bridewell
496 788 1687 901 and Hanham Mill ponds are nearly level, so
487 855 1673 971 are those of Newgate and Keysham; consequently
505 960 1682 1052 the fall is as great in a quarter of a
484 1012 1679 1126 mile to the Avon from the Frome, as it is on
493 1088 1684 1219 the Avon itself in a distance of 8 miles and
496 1174 727 1289 upwards.
547 1222 1685 1348 A Tunnel may be made, if necessary,
481 1317 1673 1411 from Newgate Mill pond to the Avon, that
493 1407 1670 1494 would carry off all the water; even such a flood
478 1468 1670 1582 as we had the 9th inst. might be got rid of,
487 1541 1670 1658 so as to do no mischief to this part of the town.
547 1632 1673 1733 These are matters worthy of consideration,
481 1690 1672 1800 even if no improvement be made to the harbour,
472 1789 1664 1886 as it will not in the smallest degree injure the
478 1864 1664 1973 Mills; but it cannot be effected if the Avon
478 1921 761 2041 be damed.
541 1964 1658 2107 3rdly. — Frosts. Inconveniences will arise
475 2071 1658 2199 from Frosts in this scheme, as admitted in my
475 2171 1658 2268 observations on the other. But the Dock proposed
478 2220 1664 2347 will affect the navigable part of the
475 2327 1652 2424 the Frome only, leaving the Avon open to the
465 2374 1645 2490 tide; and why should we be at so heavy an
471 2467 1648 2564 expence to deprive ourselves of the advantage
