2479 3508
1172 18 1432 139 ( 112 )
505 114 2064 238 in the highest degree! If she had only
503 236 2066 387 threatned him, as he threatned her,
505 371 2058 475 she had been even with him, but nothing
503 481 2078 628 would satisfie her Malice but
511 603 2072 748 to Roast him. O thou most just and
509 729 2078 846 eternal Lawgiver, and Perswader of
513 842 2076 968 all Creatures! Do these things taste
522 966 2078 1139 or favour of Christianity? Have
536 1084 2074 1231 they any such Examples left them by
522 1206 2076 1353 thy Primitive Servants? Or did thy
522 1327 2082 1465 eternal Son, the Saviour of the World,
532 1439 2078 1589 preach any such Doctrine, or set any
526 1565 2078 1705 such Example in his meek and holy
532 1687 2082 1826 Pilgrimage on Earth? If not, by
542 1809 2082 1966 what Authority, or by what Dispensation
522 1924 2091 2050 against his divine Law do you
548 2040 2089 2197 practise these things? Is it not from
556 2162 2087 2327 the power of the Serpent and the
556 2290 2087 2411 Dragon, viz. the devilish fierce
542 2402 2087 2519 wrathful hellish Nature? Undoubtedly
536 2533 2087 2653 if they Repent not of these their
548 2651 2084 2779 cruel Crimes, though they call themselves
542 2773 2101 2883 Christians never so much; the
526 2883 2082 3030 Christ of God will say unto them, Depart
528 3010 2097 3164 from me, I know you not; ye bloody
538 3126 1365 3270 Workers of Iniquity.
