3508 2479
471 79 574 173 70
793 39 1420 149 Directions for Health.
474 171 1736 298 sture, and hastneth on old age and death.
476 254 1727 368 Sperme or seede of generation is the onely
485 344 1745 452 comforter of nature, which wilfully shed or
482 416 1745 535 lost, harmeth a man more, then if hee should
491 520 1267 636 bleed forty times as much.
568 576 1750 701 Teach me how wivelesse batchelers, and
491 693 1747 776 husbandlesse maides, should drive away their
496 761 1482 877 uncleane dreaming of venery at nights.
572 846 1745 945 First, they must refraine from wine, and
498 903 1756 1050 venerous imaginations, and not use to lye in soft
500 998 1749 1122 down beds. Secondly, they must addict themselves
500 1072 1754 1197 to read the Bible and morall Philosophy.
519 1171 1765 1300 Thirdly, they must exercise often their
519 1254 1773 1366 bodies. Lastly, if none of these prevaile, let
515 1318 1771 1434 them use the seed of Agnus castus, in English
520 1416 1774 1541 Parke seed, and they shall feele a strange effect
522 1528 820 1627 to follow.
684 1682 1635 1852 Of Bathes. CHAP. 5.
765 1907 1526 2017 What is the use of Bathes?
625 2006 1784 2094 COld and naturall bathes are greatly expedient
576 2089 1778 2197 for men subiect to rheumes,
542 2138 1780 2278 dropsies and gouts. Neither can I easily expresse in
557 2252 1785 2365 words how much good cold bathes doe bring
2280 0 2576 99 Of Bathes.
2960 15 3056 99 71
1806 160 3056 221 unto them that use them: howbeit with this
1806 224 3054 307 caveat I commend bathes, to wit, that no man
1806 307 3012 395 distempered through Venery, Gluttony,
1806 384 3047 500 watching, fasting, or through violent exercise,
1806 469 2732 555 presume to enter into them.
1874 550 2789 653 Is bathing of the head wholsome?
1877 629 3062 734 You shall finde it wonderfull expedient, if
1802 741 3047 816 you bath your head foure times in the yeare,
1798 789 3058 875 and that with hot lee made of ashes. After
1807 873 3060 989 which, you must cause one presently to poure
1802 976 3054 1068 two or three gallons of cold fountaine water
1807 1039 3062 1123 upon your head. Then let your head be dryed
1806 1131 3047 1230 with cold towels. Which sodaine pouring
1806 1204 3060 1307 downe of cold water, although it doth mightily
1807 1294 3060 1396 terrifie you, yet nevertheles, it is very good,
1806 1370 3060 1453 for therby the naturall heate is stirred within
1806 1456 3054 1563 the body, baldnesse is kept backe, and the memory
1802 1550 3049 1636 is quickned. In like manner, washing
1798 1616 3047 1723 of hands often, doth much availe the eyesight.
1846 1774 3060 1868 How shall a man bathe himselfe in Winter time
1802 1866 2479 1966 when waters be frozen?
1844 1945 3062 2028 In Winter time this kinde of artificiall bathing
1806 2030 3065 2140 is very expedient and wholsome: Take
1813 2135 3067 2197 two pound of Turpentine, foure ounces of the
1807 2190 3069 2291 iuyce of Wormwood and wild mallowes, one
2890 2319 3079 2358 ounce
2477 2323 2611 2355 F 4
