3508 2479
1132 112 1269 204 (6)
668 207 1704 289 This Authority, in the worst of all former
622 280 1710 373 Times, when the strongest force and
628 364 1707 437 power was upon them ever stuck closest to
625 418 1704 500 the intrest of the People, nor did the People
622 486 1709 555 in the worst of times, ever forsake them, but
620 567 1699 628 maintained Their power and priviledges,
628 617 1707 699 their Essence and Authority, whensoever
626 679 1691 756 they called upon them for helpe and assistance,
631 743 1704 840 nor hath this just and powerfull Authority
622 819 1706 892 been more true to the Commons
628 881 1704 963 that chose them, then to those worthy
628 947 1710 1026 Lords and Patriots, that at any time have
625 1011 1712 1108 assisted them for the common good of the
634 1081 1702 1159 Nation, preserving their Honours with as
628 1154 1703 1229 true affection as the liberties of the People;
635 1211 1690 1291 no man can name the time that (intentionally)
635 1282 1699 1364 this Authority ever did injury to any
634 1347 1706 1426 Just intrest either at home or abroad, but
628 1412 1702 1488 have borne and suffered much, from those
631 1482 1702 1588 that have made an ill use of their lenity and
628 1545 893 1627 credulity.
693 1599 1707 1682 All which is necessary to be remembered,
628 1685 1704 1745 and seriously considered in this instant of
628 1748 1696 1812 time, because if these things be seriously laid
625 1816 1690 1889 to heart, it may happily expel those
625 1879 1702 1946 poysonous vapors, with which our ayre begins
625 1961 1693 2052 to be infected, wee have ageneration of
1563 2012 1703 2098 forgetfull
2177 104 2352 195 (7)
1758 207 2838 297 getfull, ingratefull people, who because the
1751 283 2839 355 Parliament cannot yeeld unto all they desire
1763 330 2836 425 (without extreame thraldom to the people,
1751 398 2821 507 in things Ecclesiasticall and Civill) are degenerate
1751 467 2820 547 into a malevolent disposition, murmuring
1751 538 2827 617 and repining at all their proceedings,
1757 592 2838 682 and making hard constructions of
1754 664 2841 755 their Just endeavours; and by politique and
1751 731 2842 811 subtill meanes, labour to alinate the hearts of
1766 816 2844 883 their friends from them, and to incline them
1760 880 2841 956 to give eare to other Counsels, laying open
1755 945 2847 1027 their infirmities, (which they should rather
1763 1017 2833 1092 go backward to cover) and would (if they
1758 1066 2854 1147 could) possesse the world that there is a sort
1757 1138 2845 1209 of men that would settle Religion more
1769 1209 2838 1296 purely, performe and interpret the Covenant
1766 1268 2847 1345 more exactly, and doe justice more
1766 1338 2844 1420 speedily, and more sincerely then this just
1766 1394 2847 1476 Authority, whom the peoble themselves
1766 1482 2854 1548 have chosen; nay, there are fames abroad,
1766 1546 2839 1611 that there are catalogues taken of any thing
1766 1596 2845 1676 that may possibly bear a bad or sinister construction,
1766 1664 2854 1739 to be shewed to the people, in the
1766 1745 2850 1813 day of their extremity, if such a day can be
1764 1812 2015 1891 procured.
1831 1857 2862 1948 And for what end all this? Why, you
1757 1921 2869 2010 shall not faile to be told it is for the glory of
2723 1989 2872 2068 God.
