2479 3508
1120 54 1262 227 ( 28 )
354 162 2070 337 ed. This was the Case of Doctor Dwyer and of
359 279 856 404 several others.
454 346 2073 499 Before we point out a Method of Cure drawn
354 458 2070 562 from the Nature and Symptoms of this Disease;
359 545 2077 676 agreeable to the Precepts of the best antient and
361 629 2068 746 modern Physicians in similar Fevers; and what
361 711 2077 821 is more confirmed by experience; it may not be
374 806 2083 951 amiss to examine these Gentlemen's Reasons who
370 901 2075 1027 are so fond of giving Alexipharmics and Sudorifics
376 994 1731 1113 in the very beginning of this Fever.
473 1055 2066 1202 These Gentlemen argue, That from some occult
370 1167 2073 1279 Venom, Contagion, Miasma, or Je ne sais quoi,
374 1266 2086 1366 the Texture of the Blood is broke, whence it is
376 1346 2077 1439 turned into a vapid and putrid Mass, no longer
367 1439 2088 1543 fit for the Uses of the animal OEconomy runs off
374 1509 2086 1614 through the Glands, strainers destined to excern
372 1601 2096 1731 a much thinner Liquor; therefore imagine the
370 1694 2109 1826 Blood to be in the same State as in pestilential
385 1787 2086 1891 Fevers and give Sudorifics and what are called
374 1867 2103 1982 Alexipharmicks as in the Pestis; insisting the most
378 1962 2101 2107 likely Means to save the Patient is to keep open
380 2047 707 2153 the Skin.
484 2090 2096 2259 The yellowness they apprehend proceeds only
376 2211 2094 2354 from the broken texture of the Blood; for say
374 2319 2105 2449 they, take the red globules of Blood, break them
376 2414 2101 2531 in a Mortar with the addition of a little Water and
383 2494 2096 2626 they will break into a yellow Fluid. This Theory
383 2581 2107 2710 seems to be built upon the supposition that a
391 2673 2099 2812 subtle elastic Air falls the Spherulæ of Blood;
391 2751 2099 2877 which Spherulæ or globules when broke, and their
378 2849 2099 2995 elastic Air exhausted the Blood remains a vapid
383 2931 2099 3121 and putrid Mass no longer fit for the Secretions.
1917 3043 2105 3203 This
