2479 3508
1257 168 1387 255 92
616 305 2099 381 When it became necessary to assert our
529 403 2137 475 honour and independence, against the menaces of
541 501 2133 579 the First Consul, the unanimity of the nation
537 599 2135 696 proved its sense of the conduct of ministers. In
531 694 2123 798 all the official papers which have been published
541 800 2129 876 by the two governments, there is not a single
529 880 2123 976 passage marked by any pusillanimous or timid
531 988 2113 1063 feeling on their part. The whole is firm, decisive,
531 1085 2123 1189 and consistent; exhibiting a strong disposition
537 1179 2123 1269 to cultivate peace, without disparagement
531 1277 2125 1387 to the national character and safety. As the discussions
547 1371 2129 1458 contained in those papers, involved
535 1494 2131 1552 some of the dearest rights of Englishmen, the
537 1566 2131 1644 sentiments and language of ministers corresponded
543 1666 2125 1760 with the dignity of the subject. They
541 1766 2103 1853 vindicated our constitution, liberties, and laws,
537 1863 2135 1941 in so forcible a manner, that none but the most
537 1957 2129 2043 besotted tyrant could have disputed the justice
535 2055 1075 2147 of their claims.
618 2145 2123 2228 But while appealing to every public document;
537 2250 2119 2322 to the declarations of his Majesty; reechoed
549 2350 2125 2436 by ministers in both houses of Parliament;
541 2442 2129 2532 as proofs of the firm tone invariably
535 2542 2131 2623 maintained towards France, I challenge you or
541 2637 2119 2711 any of the opposents of administration to adduce
531 2729 2125 2813 a single instance to the contrary. Vague
535 2831 2137 2915 and general assertions, which may be easily made
