3508 2479
640 137 744 219 34
800 116 1503 228 Gods word the safest guide.
359 239 568 318 John. 7.7.1.
371 704 615 772 John 5.19.1.
371 1357 616 1436 Cor. 7. 31.
376 1417 616 1473 The life of
376 1475 622 1529 faith very difficult
373 1530 609 1596 to nature.
634 214 1631 280 cannot hate them, but him it hated: the reason
640 291 1626 351 followeth, not for iniury but for innocency,
634 341 1626 417 not for falshood but for truth:
640 420 1629 487 he testified that the workes thereof were
640 489 780 563 evill.
728 550 1631 621 What is the cause that true pietie and
648 632 1626 692 grounded sincerity is of so smal account,
648 687 1623 771 but because the world of the unregenerate
648 744 1629 819 lieth in wickednes, and faith to
645 811 1639 910 carnall affections bringeth little contentment?
648 898 1613 953 How can it be that oppressours
645 945 1629 1011 extortioners, usurers, these idolatrous
651 1017 1640 1101 worldlings, together with thousands of
648 1082 1637 1151 delicious prodigals, should entertaine
648 1151 1637 1219 the Gospell: since Zaccheus must divide
651 1217 1640 1282 his goods, Mathew must bid farewell to
657 1283 1642 1349 his place of customary receipt; yea the
667 1346 1642 1426 people of God must use this world as if
667 1414 1635 1483 they used it not? How hard therefore will
622 1476 1640 1539 it be for such as trust in uncertaine riches,
657 1538 1635 1610 to subiect themselves to this life of
651 1609 1640 1675 faith? May not Gods Ministers take up a
645 1678 1642 1745 lamentation, What happy tidings from
645 1739 1639 1805 the word of faith which we preach? how
648 1801 1637 1892 is the way to everlasting blisse plainly
643 1873 1634 1962 beaten foorth, yet how few delight to
651 1951 1632 2027 walke in it? How sluggish are our common
643 2011 1639 2076 professours, that cannot watch one
1445 2074 1632 2164 houre?
1972 112 2705 215 Gods word the safest guide.
2766 127 2848 214 35
2860 1338 3098 1398 Old naturall
2860 1404 3120 1466 men are very
2860 1448 3126 1505 miserable, for
2860 1503 3096 1555 they are full
2860 1546 3043 1620 of sinnes.
1857 209 2848 269 houre? and how faithlesse are those backsliding
1851 281 2851 348 hypocrites, as if the unchangeable
1867 346 2845 426 poffessour of heaven and earth were
1857 417 2838 483 unfaithfull, or unable to recompence and
1854 473 2664 565 fully reward his faithfull peoples?
1882 546 2826 621 Thus we see, that streight is the way,
1860 610 2845 697 and small is the number that go it. Ephraim
1863 681 2845 756 is an unruly heifer that will not
1857 736 2842 810 be tamed. Ever have Gods Saints bene
1857 811 2851 893 like the shaking of an olive after the vintage.
1863 874 2848 947 Wicked men are mad men, they
1870 945 2843 1019 will not be ordered; they are deafe men,
1870 1019 2848 1099 they will not heare, charme the Charmer
1863 1068 2829 1146 never so wisely. If that he sinne
1870 1143 2845 1211 which is not done of faith, how wofull
1863 1209 2848 1275 will it be with the greatest number, who
1863 1282 2845 1348 neither know nor beleeve, being blinde
1873 1343 2860 1420 and dissolute: having from their nonage
1876 1417 2860 1499 to their old age wandred from the waies
1879 1475 2860 1552 of God, being seven fold more the children
1870 1547 2860 1618 of hell then they were in their mothers
1873 1617 2857 1676 wombes? If all actions that want
1876 1672 2857 1739 faith be sins, how many are the sins of
1876 1739 2854 1805 those who were never enlightened with
1876 1810 2860 1874 the knowledge of God? My text hath
1881 1874 2860 1937 driven me into such a narrow streight, &
1881 1947 2849 2019 so paled me in, that I cannot get liberty,
1884 2019 2860 2091 either to licence the novelties of the Athenians,
